2238 3185
174 970 282 1007 {mira
288 970 334 1006 tio

176 1020 311 1068 christi

174 1073 379 1110 mundantis

174 1177 312 1217 dalem.

403 211 499 269 350
662 204 923 251 SACRI
968 175 1399 250 ORATORIi
1447 205 1788 254 PARsu.

403 304 464 357 δε
491 314 640 379 petat
661 346 679 373 ,
705 300 800 354 Cor
819 288 1067 353 mundum
1091 314 1201 352 crea
1222 293 1275 352 in
1295 317 1373 355 me
1393 302 1558 368 Deus,
1584 294 1906 384 &spiritum
1927 320 2010 360 re-

401 392 537 451 Hum
559 392 742 450 innoua
762 392 815 449 in
837 384 1115 473 ‘visceribus
1136 391 1271 451 meis.
1712 435 1744 462 ,
1994 410 1998 414 ·

774 563 955 634 Audi
987 569 1168 635 Pater
1198 568 1615 636 Poenitentis:

424 666 778 768 Exemplar
804 670 1050 739 Christi
1076 670 1456 740 mundantis
1488 666 1984 769 Magdalenam,

814 771 1147 872 exemplar
1179 769 1583 868 Coiifeffarij.

1178 889 1216 939 Ῑ.

585 970 727 1031 Vins
760 974 965 1031 mentis
993 978 1050 1031 &
1075 974 1257 1031 animi
1278 965 1632 1057 Magdalena
1657 970 1802 1032 foret
1822 1022 1840 1050 ,
1877 965 2011 1033 cnm

585 1063 710 1127 effet
740 1063 812 1127 ad
845 1063 1011 1150 pedes
1038 1062 1256 1127 Christi
1278 1115 1298 1139 ,
1325 1064 1586 1128 Christus
1616 1070 1816 1129 nouit:
1843 1071 2014 1130 nouit

403 1157 643 1222 firmum
674 1159 928 1225 habuiss'e
963 1156 1323 1247 propositum
1349 1160 1420 1223 de
1446 1183 1632 1224 cetero
1662 1186 1783 1224 non
1815 1187 2015 1247 pecca-

398 1278 587 1319 turam
611 1305 631 1331 ,
655 1255 749 1320 sed
773 1252 944 1343 ipfins
967 1257 1212 1343 vestigiis
1239 1254 1478 1320 firmiter
1501 1256 1842 1320 inhaesuram
1867 1310 1885 1339 ‚
1911 1283 2014 1320 cu-

403 1358 485 1414 ius
511 1352 678 1438 pedes
708 1349 973 1440 lacrymis
1005 1350 1205 1417 abluit.
1238 1357 1493 1417 Nouerit
1519 1353 1903 1416 Confeffarius
1928 1352 2013 1418 sui

404 1454 656 1511 muneris
682 1449 785 1512 effe
807 1503 825 1529 ,
851 1471 1108 1513 mentem
1140 1454 1468 1535 poenitentis
1501 1472 1791 1535 penetrare
1809 1497 1828 1525 ,
1853 1459 1912 1512 &
1937 1448 2012 1514 de

404 1542 563 1608 bono
587 1550 701 1607 eius
733 1542 1027 1632 proposito
1050 1551 1321 1609 notitiam
1358 1543 1567 1610 habere
1591 1599 1608 1626 ,
1632 1568 1695 1609 vt
1722 1541 1887 1608 illum
1913 1543 2012 1610 ab-

402 1638 597 1704 soluat.
631 1640 890 1704 Christus
926 1641 1165 1728 quidem
1201 1647 1467 1706 animum
1493 1639 1858 1729 Magdalenae
1890 1666 2015 1727 per-

400 1735 670 1821 spiciebat
684 1791 701 1817 ,
727 1737 984 1824 prouidit
1010 1761 1204 1801 tamen
1222 1786 1242 1813 2
1267 1760 1331 1804 vt
1355 1733 1511 1825 figna
1540 1735 1800 1801 alabastri
1825 1748 1892 1800 &
1905 1762 2015 1803 vn-

402 1839 599 1916 guenti
630 1838 835 1897 mentis
871 1844 929 1896 δε
953 1840 1137 1897 animi
1162 1833 1351 1896 secum
1384 1832 1687 1897 adueheret
1710 1887 1728 1916 ‚
1761 1856 1822 1899 vt
1847 1839 2014 1897 Con-

402 1927 597 2010 fess‘arij
625 1982 643 2007 ,
668 1935 769 2015 qui
792 1930 965 1993 corda
993 1935 1400 2016 poenitentium
1432 1953 1552 1991 non
1579 1935 1873 1993 intuentur
1893 1978 1914 2004 ,
1937 1929 2011 1994 ad

404 2019 561 2109 figna
592 2036 649 2087 δε
681 2025 893 2088 indicia
931 2048 1213 2090 recurrant
1239 2078 1258 2108 ,
1294 2051 1362 2088 ex
1397 2023 1606 2113 quibus
1644 2023 1795 2090 sensa
1831 2030 2012 2089 animi

402 2144 607 2183 eorum
636 2125 979 2185 conied‘tent.

1157 2235 1179 2286 Ῐ
1207 2232 1246 2284 Ι.

496 2312 878 2376 Confessarins
905 2312 1160 2376 medicus
1185 2312 1266 2375 est
1290 2366 1307 2394 ‚
1333 2324 1391 2377 &
1412 2319 1666 2378 contritis
1693 2312 1859 2377 corde
1889 2305 2010 2377 mess

403 2406 580 2470 detur.
629 2414 767 2494 Qi
804 2408 1093 2472 medicam
1131 2431 1307 2472 artem
1345 2432 1604 2474 exercent
1625 2463 1643 2491 ‚
1678 2433 1743 2475 vt
1772 2406 2011 2472 occultae

402 2500 725 2566 infirmitati
766 2504 1087 2567 remedium
1127 2503 1439 2569 adhibeant
1466 2559 1484 2586 ‚
1527 2501 1886 2569 considerant
1915 2530 2013 2567 ex-

400 2622 560 2662 terna
584 2594 774 2686 signa,
803 2611 859 2662 δε
885 2598 996 2662 hoc
1019 2600 1205 2685 ipsum
1232 2601 1486 2688 praestare
1510 2601 1889 2666 Confeffarius
1915 2600 2013 2663 de·-

1894 2693 2008 2774 bet,
