2238 3185
346 212 601 258 SACRI
648 192 1334 256 ORATOR11PARS
1382 208 1476 252 11.
1654 210 1738 268 351

138 294 235 364 bet
256 346 276 373 ,
306 321 368 364 vt
390 295 622 363 occultis
648 294 946 384 culparum
981 292 1198 361 morbis
1233 290 1475 382 applicet
1497 291 1742 356 medici-

133 418 294 458 ·nam.
340 399 470 480 Qi
499 417 654 458 curat
685 417 900 482 aegrum
925 446 943 475 ,
981 391 1222 457 attendit
1252 416 1315 454 ea
1339 414 1463 478 quae
1496 399 1554 453 &
1587 412 1742 452 mor-

138 512 256 553 tem
281 496 602 577 aegrotantis
627 490 1008 576 portendunt,
1043 498 1102 550 &
1119 483 1287 551 simul
1316 512 1379 549 ea
1401 510 1529 572 quae
1556 491 1740 551 vitam

137 584 499 671 periclitantis
537 592 946 672 praenuntiant.
992 583 1271 648 Attendat
1303 607 1537 668 quoque
1573 586 1743 643 Con‘

126 682 383 745 fess'arius
414 707 534 745 non
559 679 742 746 solnm
771 704 996 766 peccata
1022 704 1150 766 quae
1180 676 1503 742 confitentis
1532 682 1743 740 animae

139 801 390 840 mortem
415 774 721 851 declarant,
751 774 844 839 sed
868 798 1095 839 externa
1118 781 1290 839 etiam
1315 773 1459 838 boni
1485 768 1744 859 proposi-

137 878 184 935 ti
208 868 364 960 signa
388 927 406 953 ‚
443 897 570 959 quae
595 878 776 938 vitam
807 868 1134 934 confitentis
1166 897 1229 934 ac
1253 867 1385 935 vere
1414 874 1741 956 poenitentis

136 967 501 1053 portendunt.
533 967 766 1031 Prodest
788 991 938 1055 aegro
965 965 1256 1030 medicina
1278 1020 1297 1047 ,
1328 963 1473 1028 ciim-
1490 962 1619 1028 licet
1646 962 1746 1028 be-

135 1060 210 1125 ne
244 1063 456 1149 sperare
485 1097 500 1141 3
541 1058 627 1125 fin
663 1059 854 1125 miniis
885 1115 904 1142 ‚
940 1059 1088 1125 nihil
1127 1060 1356 1149 prodest
1387 1113 1406 1141 ,
1450 1055 1743 1146 perditq'ue

136 1163 359 1244 penitus
398 1181 573 1222 artem
613 1157 774 1222 suam
812 1210 830 1239 ,
878 1164 981 1245 qui
1021 1154 1180 1222 illam
1219 1153 1420 1222 frustra
1456 1155 1743 1242 impendit

138 1263 198 1316 δι’.
230 1255 515 1341 expendit.

866 1362 888 1414 I
915 1365 938 1417 I
964 1362 1001 1414 Ῑ.

218 1443 601 1508 Confeffarius
626 1441 797 1507 iudex
818 1443 914 1506 est.
932 1440 1092 1506 Ctun
1116 1440 1301 1506 homo
1325 1437 1422 1522 fit,
1449 1465 1608 1505 more
1631 1439 1877 1506 hu-luabx-

139 1565 315 1604 mano
345 1540 627 1603 iudicium
657 1563 902 1604 exercere
934 1588 954 1614 ,
992 1533 1241 1625 ferreque
1271 1537 1610 1602 sententiam
1644 1537 1741 1602 de-

137 1632 250 1699 bet.
284 1639 429 1700 Non
444 1637 557 1699 fert
579 1634 868 1698 censuram
893 1630 1135 1699 Ecclesia
1160 1689 1176 1715 ,
1201 1659 1305 1697 nec
1329 1629 1738 1697 Ecclesiasticus

138 1729 210 1793 de
233 1729 465 1795 occultis
495 1730 710 1794 iudicat
733 1730 1132 1796 Confessarius.
1158 1734 1533 1817 Qapropter
1555 1733 1736 1804 Deu5‚

136 1832 240 1912 qui
276 1826 544 1891 scrutator
579 1826 842 1890 cordium
871 1825 950 1889 est
976 1880 994 1907 ‚
1026 1823 1437 1912 poenitentibus
1467 1830 1736 1900 iniunxit,

135 1944 199 1985 vt
235 1947 428 1985 coram
465 1922 826 1986 Confeffatiis
861 1922 969 1986 suis
1010 1919 1371 1985 effunderent
1406 1920 1578 1984 cord-a
1617 1919 1736 1996 sua,

137 2011 277 2081 sicut
312 2025 484 2082 etiam
508 2043 603 2081 cor
625 2017 792 2081 suum
822 2015 1171 2104 Magdalena
1192 2014 1419 2081 effudit.
1460 2015 1738 2080 Produxit

137 2111 366 2176 exteriiis
394 2139 489 2200 per
516 2119 785 2177 exteriora
815 2136 1150 2201 argumenta
1178 2162 1198 2187 ,
1236 2112 1446 2198 quibus
1471 2111 1736 2176 Christus

138 2213 437 2272 Simonem
463 2233 581 2272 non
608 2209 677 2272 de
705 2211 919 2273 femina
949 2207 1130 2273 soliun
1157 2257 1177 2282 ,
1211 2207 1305 2271 sed
1330 2208 1401 2272 de
1430 2208 1482 2272 se
1505 2233 1739 2294 quoque

136 2301 288 2366 male
312 2303 645 2368 sentientem
668 2305 970 2392 redarguit.
1002 2305 1175 2390 Qd
1201 2310 1398 2368 Simon
1428 2320 1444 2367 ἒ
1478 2306 1576 2365 Hic
1594 2304 1647 2390 si
1664 2301 1738 2386 es-
1755 2319 1948 2367 Luc-7239·

120 2396 206 2481 fit
234 2400 475 2486 propheta
511 2453 528 2480 ,
559 2396 712 2482 stiret
742 2406 923 2487 vtique
944 2449 963 2474 ,
993 2425 1099 2487 quae
1127 2393 1206 2473 (ᾖ
1234 2398 1396 2486 qualis
1439 2402 1503 2482 est
1537 2397 1734 2474 mulier,

133 2518 240 2580 quae
262 2499 423 2582 tangit
445 2520 554 2557 eum
567 2528 586 2564 ,-
611 2499 728 2583 quia
745 2498 1001 2582 peccatrix
1022 2499 1099 2578 est.
1125 2495 1298 2581 Qd
1318 2500 1542 2558 Simoni
1561 2493 1736 2557 Chri-

134 2589 284 2654 stus?
325 2590 495 2654 vides
524 2592 649 2654 hanc
681 2590 934 2654 mulierem
963 2600 985 2652 ἓ
1026 2594 1227 2653 Intraui
1262 2595 1313 2653 in
1337 2589 1538 2653 domum
1571 2607 1732 2669 tuam,

1553 2707 1734 2772 aquam
