2238 3185
219 616 335 654 Facies
343 624 420 664 pec-

216 679 358 706 cataras.

222 2171 364 2209 Infima

218 2226 353 2274 gratia.

446 221 549 274 234
695 212 954 258 SACRI
1002 215 1446 260 ORATORII
1495 219 1700 263 PARS
1749 225 1838 267 11.

900 372 903 374 .
1203 322 1226 374 I
1252 321 1291 372 I.

542 403 599 460 Si
628 404 754 485 quis
779 395 1008 464 vultum
1046 398 1216 464 suum
1250 407 1311 464 in
1347 399 1576 490 speculo
1613 401 2059 492 contemplatus,

445 490 639 557 labem
664 492 918 582 aliquam
942 495 1351 584 deprehendat,
1375 522 1528 563 totus
1553 494 1819 565 sollicitus
1844 501 1942 582 est,
1957 528 2060 570 nec

447 592 684 676 quiescit
707 646 726 673 ,
757 591 942 656 donec
972 591 1069 657 illa
1098 592 1335 659 tollatur
1368 607 1426 660 &
1452 594 1817 684 abstergatur.
1856 603 2057 665 Cernis

447 693 507 750 in
538 691 694 776 Rege
713 689 991 777 AEthiope
1014 687 1175 778 quafi
1198 698 1259 756 in
1284 689 1511 781 speculo
1533 694 1742 756 faciem
1767 716 1927 759 tuam
1953 749 1970 776 ‚
1997 722 2064 761 ac

447 780 619 848 fimul
641 791 828 874 nigras
852 785 1103 852 maculas
1129 812 1497 875 peccatorum
1514 785 1848 853 consideras.
1889 791 2062 878 Qd

424 889 682 946 ‘moraris
711 898 729 946 ?
768 909 942 971 quare
975 909 1136 950 notas
1169 891 1248 949 ita
1286 885 1529 949 infames
1569 882 1763 951 tollere
1797 899 1855 950 &
1881 886 2061 951 delere

442 1003 564 1041 non
585 980 807 1044 festinas
830 997 846 1043 ?
872 978 1106 1046 Delebis
1124 1036 1142 1063 ,
1168 978 1211 1044 fr
1233 980 1422 1046 doleas
1441 1018 1459 1062 ·‚
1475 979 1695 1046 dolebis
1715 981 1873 1058 vero,
1900 979 1942 1046 fi
1965 1009 2061 1071 pe-

444 1081 595 1139 nitus
628 1076 984 1165 denigratam
1022 1085 1283 1143 animam
1305 1103 1471 1143 tuam
1499 1079 1601 1141 esse
1639 1076 1902 1143 curiosius
1933 1106 2061 1167 pero

445 1172 676 1257 pendaS.
699 1177 1002 1235 Paenitentia
1027 1178 1092 1258 est
1104 1175 1237 1262 sicut
1261 1173 1387 1236 bona
1414 1175 1571 1238 lotrix.
1592 1175 1915 1251 macularum,
1948 1185 2063 1238 con'-

445 1272 587 1330 tritio
610 1272 755 1331 ever&
779 1273 842 1354 cst
866 1269 992 1332 bona
1015 1270 1336 1351 candidatrix
1359 1326 1378 1353 ,
1400 1295 1464 1338 vt
1484 1279 1560 1336 ait
1582 1269 1749 1337 beata
1765 1273 1958 1337 Maria
1990 1271 2060 1337 li-

446 1361 554 1430 bro
574 1392 626 1445 4.
640 1365 892 1431 Reuelat.
916 1375 965 1432 S.
985 1374 1237 1457 Birgittae
1263 1395 1384 1456 cap.
1393 1395 1413 1445 3
1421 1396 1471 1442 9·

1178 1484 1200 1536 Ι
1227 1485 1248 1536 Ι
1275 1484 1317 1538 I.

537 1564 1014 1652 Magnipendunt
1053 1564 1320 1629 homines
1367 1569 1686 1628 amicitiam
1726 1568 1959 1653 Regum
1996 1591 2061 1630 ac

450 1663 783 1747 Principum
800 1712 820 1736 ,
848 1675 905 1726 &
924 1658 1044 1749 quo
1069 1668 1256 1725 maior
1280 1661 1360 1724 est
1383 1660 1710 1725 Monarcha
1725 1711 1744 1737 2
1772 1668 1957 1725 maior
1980 1662 2062 1725 est

431 1762 637 1843 -gratiae
668 1757 966 1822 aestimatio
988 1808 1007 1834 2
1039 1786 1103 1822 ac
1135 1756 1542 1844 consequenter
1567 1755 1735 1821 dolor
1758 1763 1943 1822 maior
1965 1812 1983 1839 ,
2014 1754 2058 1820 si

445 1851 616 1918 semel
639 1851 734 1918 illa
757 1859 1201 1919 amittatur.Rex
1220 1859 1450 1942 Regum
1470 1865 1529 1917 &
1544 1860 1839 1918 Dominus
1866 1854 2060 1918 domi-

445 1956 713 2015 nantium
730 1956 886 2016 Deus
910 1952 1010 2034 est,
1028 1979 1090 2017 ac
1113 1950 1357 2039 proinde
1381 1956 1634 2014 amicitia
1660 1961 1717 2014 &
1734 1958 1848 2014 eius
1879 1957 2062 2038 gratia

446 2044 691 2111 summa.
732 2055 972 2112 Summa
998 2074 1232 2136 quoque
1262 2053 1377 2110 eius
1408 2051 1626 2111 iactura
1657 2046 1932 2111 censenda
1961 2046 2062 2110 est..

448 2140 763 2208 Considera
786 2170 1072 2232 quantum
1101 2142 1359 2209 laborent
1384 2155 1442 2207 &
1466 2142 1734 2208 insudent
1757 2139 1923 2207 aulici
1950 2142 2060 2207 ho·

446 2245 651 2321 mineS,
670 2264 733 2305 vt
757 2238 984 2329 gratiosi
1001 2246 1149 2330 Regi
1172 2239 1315 2305 fiant
1329 2295 1346 2321 ,
1373 2240 1679 2326 praesertim
1705 2237 1838 2304 cum
1863 2239 1914 2303 se
1943 2244 2058 2302 mi-

445 2333 548 2400 nus
574 2361 759 2424 gratos
784 2338 886 2401 esse
919 2338 1257 2405 existiment.
1288 2337 1389 2400 Ad
1417 2361 1621 2400 eorum
1644 2342 2053 2412 imitationem,

444 2429 579 2496 cum
617 2456 671 2496 te
707 2439 997 2522 ingratum
1024 2440 1155 2498 Deo
1190 2434 1321 2498 scias
1351 2487 1369 2514 ‚
1400 2431 1676 2496 omnibus
1703 2431 1891 2496 modis
1917 2455 2057 2494 con-

444 2529 616 2592 tende
643 2536 701 2592 in
726 2536 873 2594 tanti
904 2536 1179 2618 Principis
1206 2536 1446 2619 grat-iam
1475 2541 1534 2593 &
1560 2535 1879 2593 amicitiam
1911 2525 2056 2590 redi-

443 2649 514 2688 re.
568 2624 739 2690 Certe
779 2622 821 2689 fi
851 2624 1107 2691 dolendo
1141 2625 1363 2714 possent
1399 2623 1568 2690 aulici
1610 2622 1910 2690 conciliate
1945 2618 2051 2686 fibi

1850 2724 2054 2806 Rege3‚
