2238 3185
387 239 642 284 SACRI
695 237 1119 282 ORATOR11
1176 238 1416 281 PARS
1433 241 1478 282 1.
1677 245 1744 300 71

239 323 553 410 Postquam
573 306 844 433 gemla
860 319 955 386 illa
969 321 1202 387 Iuditha
1223 319 1743 409 caputHolofernis

146 417 375 484 abstulit
394 409 709 505 ,scriptum
739 414 1028 505 legimus:
1065 425 1207 480 Erat
1223 437 1391 480 autem
1414 417 1886 525 diehusfhstis1ud³t11.
1897 442 1954 479 ιε

134 513 405 601 procedens
431 537 542 575 cum
571 536 749 602 magna
764 511 939 601 gloria.
984 519 1176 577 Prima
1200 540 1265 577 ac
1288 520 1554 601 primaria
1584 516 1747 579 Iudi-
1758 499 1819 530 ²⁶⁷

141 607 261 689 tha,
278 634 403 695 quae
425 609 553 696 post
574 631 795 696 partam
813 608 882 671 de
905 608 1066 673 hoste
1091 613 1399 675 victoriam
1423 606 1749 698 gloriosissi-

143 701 239 766 me
261 703 613 791 triumphat,
636 706 892 768 MARIA
912 704 1011 780 est,
1029 700 1281 792 diebusq'3
1303 703 1741 770 solemnioribus

145 810 204 862 δε
220 796 524 865 laetioribus
551 850 572 874 ,
600 825 816 864 nouem
839 798 1046 866 scilicet
1067 798 1478 865 Festiuitatibus
1496 850 1516 875 ,
1547 826 1742 887 proce-

142 894 229 958 dit
244 920 307 958 ac
326 895 683 981 progreditur
707 921 921 984 magna
943 921 1077 959 cum
1101 893 1294 984 gloria.
1334 901 1478 959 Haec
1500 891 1744 985 singula-

142 995 211 1052 ris
237 987 414 1076 gloria
433 987 561 1055 filiae
579 996 730 1065 Dei,
754 1013 817 1057 vt
846 1013 868 1054 1
886 1014 936 1055 M
955 1013 1007 1054 M
1022 1014 1064 1055 A
1079 1014 1117 1055 C
1133 1017 1170 1057 v
1185 1016 1222 1056 L
1238 1013 1280 1054 A
1293 1011 1334 1053 T
1350 1013 1392 1054 A
1419 986 1499 1055 fit.
1538 989 1744 1078 (Qrida

140 1081 325 1161 nisit,
350 1112 528 1173 quam
546 1093 707 1151 Pater
728 1093 789 1150 in
807 1093 1080 1173 Spiritum
1105 1087 1369 1150 sanetum
1394 1093 1632 1173 recepit?
1663 1088 1743 1152 est

140 1187 299 1244 enim
335 1188 497 1246 inea
526 1190 758 1269 Spiritus
792 1180 1177 1271 intelligentiae
1203 1232 1224 1257 ,
1269 1204 1465 1246 contra
1499 1207 1743 1248 omnem

142 1276 406 1341 astutiam
429 1278 692 1365 serpentis
718 1285 818 1364 qui
841 1278 1058 1342 seduxit
1080 1285 1370 1342 incautam
1389 1283 1590 1341 Euam.
1623 1284 1744 1343 Eua

141 1376 370 1436 incauta
395 1385 453 1437 δε
482 1399 623 1437 caeca
647 1428 664 1454 ‚
700 1373 949 1438 MARIA
977 1397 1097 1438 tota
1121 1374 1405 1460 perspicax
1436 1385 1493 1437 &
1515 1371 1755 1438 oculata*

141 1467 236 1530 est.
272 1475 408 1531 Satis
441 1467 587 1533 bene
610 1467 856 1556 Cyrillus
880 1467 1037 1534 lib.6.
1064 1477 1122 1533 in
1137 1475 1296 1533 Ioan.
1322 1495 1526 1556 cap.25.
1559 1477 1740 1531 Omnes

141 1562 360 1625 homines
379 1570 610 1653 (excepto
629 1568 707 1626 illo
725 1591 811 1653 qm
805 1564 888 1627 de
911 1567 1100 1628 homine
1121 1585 1272 1628 natus
1294 1567 1402 1639 effi,
1425 1561 1744 1648 &sperans

131 1658 187 1743 f
180 1682 261 1718 ma
278 1663 425 1720 etiam
437 1665 676 1755 virgine,
696 1686 759 1722 ex
775 1685 874 1748 qua
887 1671 1031 1724 Deus
1045 1663 1186 1723 homo
1196 1659 1421 1749 prodiit
1406 1686 1461 1721 m
1472 1660 1739 1736 mundum,

141 1754 400 1842 exempta)
434 1781 543 1817 cum
569 1775 763 1843 peccato
792 1756 1016 1843 originali
1036 1754 1324 1840 nascimur,
1367 1774 1442 1826 «φ
1457 1756 1742 1846 grauissima

141 1853 350 1911 caecitate
372 1849 606 1942 depressi
589 1877 641 1912 tn
664 1851 909 1913 mundum
923 1856 1191 1914 venimus.
1207 1855 1364 1916 Tota
1385 1850 1646 1926 oculata,
1679 1864 1739 1916 &

139 1939 309 2010 fimul
338 1943 658 2010 illuminata
680 1947 752 2009 M
770 1970 810 2010 A
830 1969 873 2011 R
888 1970 911 2010 1
927 1970 970 2011 A
994 1972 1176 2012 creata
1198 1947 1278 2012 est
1300 1955 1360 2012 in
1387 1954 1592 2034 Spiritu
1617 1947 1741 2011 san-

141 2043 270 2115 eto,
296 2048 396 2128 qui
421 2043 673 2108 mundus
696 2043 776 2106 est
808 2054 866 2106 δε
882 2050 1347 2130 incoinquinatus
1364 2097 1382 2124 ‚
1410 2042 1742 2107 &testimo-¹

141 2141 310 2198 nium
353 2137 541 2201 reddit
574 2135 737 2225 quod
773 2138 890 2225 ipsa
934 2162 1056 2202 tota
1101 2163 1243 2226 pura
1280 2151 1339 2203 &
1371 2135 1741 2203 immaculata

141 2232 423 2315 procedat.
449 2237 593 2296 Haec
609 2239 818 2320 Spiritu
840 2233 1038 2297 sancio
1058 2258 1259 2298 ornata
1274 2288 1292 2316 ‚
1317 2246 1378 2298 &
1397 2234 1603 2297 diui-no
1626 2240 1739 2298 eius

140 2325 474 2391 testimonio
510 2335 737 2393 munita
771 2343 1081 2416 comparet.
1117 2327 1267 2394 Feli-x
1301 2356 1356 2393 es
1385 2328 1535 2393 sacra
1557 2335 1743 2417 Virgo

141 2422 392 2486 MARIA
408 2473 428 2498 ,
457 2435 515 2487 &
538 2430 707 2488 omni
730 2422 897 2489 laude
920 2421 1280 2512 dignissima,
1306 2425 1538 2488 intende
1554 2474 1574 2500 ,
1612 2449 1744 2510 pro-

141 2514 290 2600 spere
315 2519 574 2603 procede,
602 2532 660 2583 δε
676 2544 870 2607 regna,
889 2521 1082 2584 faustis
1107 2521 1364 2607 auspiciis
1389 2520 1741 2607 progredere,

141 2633 366 2675 mutans
391 2638 607 2677 nomen
639 2618 788 2677 Euae.
819 2617 878 2678 A
895 2640 933 2681 v
952 2641 985 2679 E
1010 2618 1083 2678 M
1101 2640 1141 2681 A
1163 2637 1208 2680 R
1226 2639 1247 2680 1
1268 2641 1314 2680 A
1348 2621 1740 2702 Primogenita

1481 2709 1737 2774 Redem-
