2238 3185
394 226 650 275 SACRI
698 218 1379 270 ORATORII'PARS
1428 219 1520 262 11.
1670 221 1778 275 249

916 325 940 379 I
965 325 1031 378 V.

258 407 457 476 Multa
505 407 659 497 lepra
708 405 996 473 foedatum
1044 413 1103 468 δε
1143 401 1510 488 deturpatum
1562 404 1779 464 Oziam

170 509 437 574 Pontifex
471 510 742 581 Azaria5‚
782 515 840 568 &
877 499 1083 589 reliqui
1120 498 1442 564 Sacerdotes
1479 495 1809 563 exhor·rue-'

170 628 304 670 runt
345 659 364 686 ‚
409 616 470 669 &
506 627 617 691 prae
655 601 892 667 horrore
930 596 1302 684 conspeetum
1338 599 1454 659 eius
1491 595 1778 679 fugerunt.

172 700 373 789 Longe
395 697 530 766 alius
548 698 809 764 Christus
833 695 934 770 est,
957 691 1133 782 longe
1155 688 1246 776 alij
1274 690 1401 755 sunt
1418 690 1779 773 Confessarij.
1798 714 1880 747 Non
1895 707 2010 746 hom:

172 795 473 862 Habemus
501 791 867 867 Pontificem,
895 797 998 877 qui
1016 815 1136 854 non
1161 785 1378 875 repellit
1394 798 1451 851 δε
1469 784 1664 851 abiicit
1680 783 1712 850 ἓι
1729 785 1780 849 se
1789 770 1979 863 pdffrfs‘sss‘f

173 889 437 979 lepros05‚
460 892 552 956 sed
574 888 815 956 libenter
837 887 1111 967 admittit,
1133 883 1373 951 libenter
1395 882 1695 964 emundat,
1723 894 1781 946 δε

170 996 423 1052 omnino
451 986 777 1074 purgandos
812 983 920 1047 suis
954 979 1348 1046 Sacerdotibus
1381 985 1560 1043 mittit
1582 1027 1594 1039 .
1630 978 1781 1045 vnde

176 1096 234 1148 &
250 1090 373 1147 viro
397 1080 616 1169 leproso
631 1135 649 1162 ,
674 1106 853 1168 quem
882 1078 1134 1144 mundat
1163 1085 1223 1142 in
1247 1072 1597 1163 EuangeliO,
1621 1074 1778 1140 dicit:

172 1177 331 1262 Vade,
347 1177 535 1264 ostende
556 1196 608 1239 te
626 1176 897 1240 Sacerdoti.
912 1181 1047 1239 Hoc
1069 1175 1258 1261 ipsum
1284 1170 1392 1238 tibi
1416 1171 1643 1236 dietum
1668 1179 1782 1236 exi·
1800 1186 2012 1238 Mum-824

172 1275 342 1339 stima
363 1329 381 1356 ‚
414 1297 480 1341 vt
517 1271 558 1339 fi
589 1280 779 1361 cupias
812 1271 845 1337 a
865 1270 1018 1359 lepra
1055 1269 1368 1344 mundari,
1405 1268 1694 1355 praesentes
1725 1292 1781 1333 te

174 1371 412 1436 Christo
434 1426 453 1453 ‚
479 1383 537 1435 &
562 1395 682 1435 non
708 1366 892 1434 solum
918 1367 1154 1434 Christo
1173 1421 1191 1448 ,
1222 1364 1318 1430 sed
1340 1370 1514 1429 etiam
1544 1371 1657 1428 eius
1674 1368 1782 1428 Vi-

175 1473 326 1531 cario
350 1521 368 1549 ,
394 1474 550 1532 cuius
575 1464 835 1532 officium
862 1464 974 1541 est,
1008 1488 1126 1528 non
1155 1461 1394 1528 abiicere
1418 1467 1782 1548 poenitenteS‚

175 1562 271 1627 sed
307 1563 609 1628 admittere
631 1611 651 1638 ,
689 1568 933 1650 recipere
969 1560 1044 1625 ad
1078 1558 1129 1624 se
1157 1609 1178 1636 ,
1215 1552 1528 1645 eorumciue
1565 1554 1785 1645 lepram

174 1657 505 1748 abstergere.

949 1773 1013 1824 V.

271 1857 514 1916 Horruit
541 1853 795 1916 Mariam
822 1853 1020 1914 Aaron
1048 1899 1068 1926 ,
1102 1846 1235 1914 cum
1257 1851 1425 1919 frater
1455 1844 1623 1937 ipsius
1656 1846 1785 1913 eflet

176 1953 363 2034 impar
396 1944 634 2012 ferendo
667 1958 725 2010 &
748 1944 1048 2011 tolerando
1084 1953 1200 2009 eius
1239 1920 1487 2033 fqualori
1508 2000 1527 2028 ‚
1559 1940 1786 2032 eiusque

177 2043 534 2129 turpitudini.
575 2043 918 2107 Chariorem
957 2045 1190 2107 fratrem
1226 2041 1506 2107 habemus
1532 2096 1550 2123 ‚
1587 2047 1787 2105 Deum

179 2146 384 2225 pariter
408 2151 465 2202 &
489 2139 795 2203 hominem
820 2193 838 2220 ,
876 2145 1035 2203 cuius
1068 2137 1462 2202 misericordiae
1494 2145 1788 2227 magnitu-

181 2234 306 2298 dini
330 2234 615 2321 impar-est
636 2235 824 2298 nostra
848 2234 1068 2298 miseria
1085 2283 1106 2310 ,
1132 2240 1290 2298 cuius
1317 2259 1512 2298 amore
1533 2235 1788 2298 fraterno

180 2336 376 2393 minor
404 2329 484 2392 est
509 2340 566 2392 δε
590 2330 821 2393 inferior
842 2327 1075 2393 offensae
1098 2329 1330 2394 horrida
1360 2328 1546 2417 lepra,
1574 2329 1644 2393 de
1673 2354 1788 2416 qua

181 2431 240 2488 in
268 2424 374 2488 suis
401 2424 884 2490 Meditationibus
909 2425 1086 2489 asserit
1109 2426 1464 2514 Augustinus
1493 2454 1504 2488 :
1535 2424 1790 2487 Tolerabi-

181 2518 279 2581 lilcs
306 2523 438 2582 camis
465 2519 707 2607 putridus
720 2517 873 2602 foetet
909 2519 1186 2583 hominibus
1202 2571 1222 2596 ,
1251 2525 1403 2608 qudm
1428 2525 1594 2601 anima
1616 2542 1789 2609 pecca-

183 2620 293 2677 trix
324 2626 447 2679 Deo.
488 2616 703 2680 Foetida
739 2622 1043 2703 peccatoris
1080 2623 1273 2680 anima
1297 2643 1422 2704 quae
1460 2624 1521 2683 in
1557 2638 1789 2705 peccato

324 2726 328 2731 '
1187 2717 1213 2774 1
1230 2717 1250 2775 i
1663 2734 1790 2799 perae
