2238 3185
422 229 543 285 724
640 213 901 267 sACR1
945 214 1376 263 oRAToRu
1424 211 1868 258 Armmnxx.

204 322 402 370 Νειλέως·
426 313 496 373 tis
517 312 845 399 reparatione,
875 307 927 368 in
949 328 1051 394 qua
1074 323 1185 366 ‘vox
1205 321 1296 364 tua
1323 303 1406 364 illa
1432 302 1497 386 est
1522 326 1537 362 .·
1574 310 1720 363 Dum
1745 303 2044 364 anxiaretur-

427 432 510 470 cor
529 431 695 470 meum
708 455 729 482 ,
754 409 806 466 m
825 421 974 491 petra
995 397 1219 486 exaltasti
1238 421 1330 462 me.
1357 394 1569 462 Cultor
1588 396 1914 486 Augustino
1936 395 2046 461 ad-

427 502 634 570 h'aereat
651 554 665 578 ‚
689 498 973 587 expendat
996 509 1054 561 &
1079 493 1425 584 perpendat,
1449 518 1628 580 quam
1653 492 1815 556 sacrae
1839 488 2045 579 paffio-

429 606 516 664 nis
553 600 661 663 suae
691 602 1042 661 CHRrsTvs
1078 596 1427 657 memoriam
1463 585 1768 676 reliquerit.
1804 594 1872 652 In
1902 587 2042 652 saxis

434 708 495 761 &
540 691 927 760 marmoribus
971 685 1404 777 sepulchrorum
1459 681 1725 749 mortales
1774 683 2043 749 homines

433 798 876 858 monimentum
897 787 982 851 sni
1004 791 1210 874 erigere
1233 781 1668 847 consueuerunt:
1691 784 2042 845 CHRrsTvs

432 885 572 956 vero
597 887 727 975 post
743 885 903 950 suam
926 882 1390 948 resurrectionem
1412 902 1534 942 non
1552 901 1720 966 agens
1740 873 2045 942 mortalem

433 984 744 1051 hominem
767 1031 788 1059 ,
813 980 905 1046 sed
929 974 1323 1044 immortalem
1349 1028 1367 1057 ,
1395 996 1671 1039 aeternum
1702 970 2047 1038 sacrificium

435 1081 637 1149 statuit
653 1134 672 1162 ,
697 1086 757 1144 in
783 1103 904 1166 quo
929 1081 1045 1139 eius
1073 1070 1343 1139 solemnis
1368 1068 1687 1135 recordatio
1717 1068 1963 1134 seruetur
1988 1081 2048 1134 &

436 1175 763 1245 celebretur.
810 1181 1070 1239 Seruatur
1109 1182 1169 1235 &
1205 1164 1378 1232 fimul
1417 1163 1728 1231 celebratur
1761 1171 1822 1229 in
1854 1167 2048 1242 corde,

438 1280 661 1363 quoties
685 1279 745 1337 in
770 1274 1122 1336 memoriam
1140 1260 1409 1354 pastionis
1429 1273 1488 1326 ὃς
1501 1257 1675 1326 fimul
1696 1259 2053 1325 resurrestio-

438 1377 528 1439 nis
552 1372 772 1436 sacrum
797 1369 933 1433 facis
953 1416 974 1442 ,
996 1376 1054 1430 δε
1072 1368 1309 1452 percipis
1329 1363 1861 1424 Communionem.
1876 1360 2053 1423 Tunc

439 1492 709 1557 propone.
725 1487 854 1530 ante
876 1459 1072 1528 oculos
1097 1483 1226 1525 tuos
1245 1463 1622 1521 CHRISTVM
1643 1452 1928 1520 dicentem
1947 1459 2056 1518 Pa-

442 1571 514 1631 tri
532 1615 552 1644 ,
575 1575 736 1631 ‘Dum
757 1563 1055 1627 anxiaretur
1076 1581 1159 1620 cor
1174 1578 1361 1631 meum,
1385 1555 1438 1616 in
1450 1569 1602 1643 petra
1624 1549 1847 1638 exaltasti
1867 1574 1960 1615 me.

1854 2682 2064 2752 IMA-
