2238 3185
330 209 590 258 sAcRx
639 185 1077 254 ORATORII
1127 202 1583 250 APPENDIX.
1675 184 1771 238 681

173 307 250 367 tia
281 301 502 366 conditi
523 299 736 364 sumus.
780 301 850 362 Et
879 294 995 383 ipse
1021 288 1257 382 quidem
1292 293 1456 360 Filius
1481 320 1603 359 non
1629 317 1776 357 crea-

173 422 230 461 ta
255 452 273 479 ‚
307 397 401 461 sed
425 402 656 460 creatrix
683 399 966 480 Sapientia
989 392 1083 456 est.
1107 396 1229 478 Vbi
1255 400 1417 458 Pater
1439 394 1703 458 humano
1725 387 1777 450 se

138 509 143 512 ’
174 518 336 560 more
362 499 504 581 gerit
530 546 546 572 ,
573 503 630 555 δι’
651 496 817 562 Filius
844 511 1073 580 apparet
1099 521 1279 584 agnus
1301 547 1318 574 ,
1353 491 1574 556 ibidem
1606 487 1779 576 Spiriss

173 611 262 654 tus
287 591 510 654 sanstus
536 588 807 659 columba
833 596 1112 668 cernitur,
1142 615 1269 678 quae
1295 616 1359 653 ex
1384 589 1587 653 diuino
1613 587 1783 651 corde

175 686 429 773 procedit
445 689 597 749 Patri
614 717 678 754 ac
692 689 832 755 Filio
857 683 1074 770 fimilis,
1099 701 1156 753 δε
1175 686 1414 775 quidem
1435 691 1658 771 Vtrique
1683 709 1785 771 par

113 796 137 812 ’”
177 783 467 848 maiestate
500 793 558 846 δε
581 786 873 873 potestate.
912 787 1163 849 Diuinus
1193 808 1357 847 amor
1389 785 1622 870 Spiritus
1659 780 1783 844 san-

178 885 299 944 &us
317 881 424 960 est,
442 879 674 946 diuinus
698 908 871 945 nexus
891 907 1054 968 ,quo
1072 888 1232 945 Pater
1254 890 1313 942 δε
1334 877 1500 943 Filius
1526 875 1784 964 comple-

179 985 414 1045 &untur
451 976 781 1067 &diligunt
818 977 913 1054 se,
952 1002 1150 1042 amant
1176 976 1379 1056 suam,
1424 975 1687 1062 condunt
1724 985 1783 1038 &

177 1075 514 1143 conseruant
557 1098 893 1140 creaturam.
946 1079 1101 1138 Licet
1132 1076 1386 1137 Trinitas
1423 1078 1655 1136 creatrix
1695 1067 1783 1146 fit,

175 1195 386 1238 aeterno
408 1177 558 1236 Patri
581 1171 851 1237 tribuitur
882 1167 1001 1234 caeli
1027 1180 1086 1233 &
1110 1194 1263 1235 terrae
1294 1175 1543 1250 creatiO,
1576 1175 1667 1232 cui
1695 1195 1786 1232 ce-

179 1268 265 1334 dit
284 1267 559 1334 attributa
579 1271 1007 1354 omnipotentia
1027 1321 1045 1349 ,
1068 1279 1124 1330 &
1143 1266 1262 1330 haec
1286 1263 1402 1330 sola
1419 1223 1562 1332 vire's
1590 1261 1785 1345 habet,

181 1389 242 1432 vt
270 1389 338 1428 ex
368 1362 556 1429 nihilo
590 1364 802 1429 condat
837 1368 1040 1427 omnia
1063 1417 1080 1445 ,
1120 1362 1273 1429 vnde
1304 1375 1362 1427 &
1387 1359 1570 1425 cultor
1607 1358 1790 1424 fidelis

180 1468 291 1537 ait,
329 1460 483 1524 Credo
505 1464 557 1522 in
581 1470 750 1523 Deum
773 1470 982 1524 Patrem
1006 1463 1405 1547 omnipotentem,
1422 1459 1673 1545 ffibforem
1697 1455 1793 1518 caelz'

180 1558 424 1638 (eyterrae
450 1607 470 1633 ,
496 1556 775 1643 'mstbilium
809 1575 884 1628 (φ
913 1555 1250 1643 inuifibilium.
1285 1552 1794 1620 Circumscribitur

183 1659 243 1718 in
278 1651 489 1718 circulo
522 1704 541 1729 ,
577 1661 733 1717 cuius
775 1652 958 1743 figura
998 1654 1245 1740 perfeOta
1285 1657 1437 1740 capit
1471 1657 1691 1715 trinum
1733 1661 1792 1713 &

185 1774 369 1815 vnum
405 1755 602 1815 Deum
645 1757 704 1814 in
743 1757 991 1815 trinitate
1024 1761 1082 1814 &
1115 1755 1329 1814 vnitate
1361 1749 1609 1836 perfecta
1642 1801 1660 1828 ,
1700 1752 1792 1810 cui

184 1843 331 1910 nihil
356 1841 530 1928 defit,
563 1842 739 1935 sitq'ue
770 1842 1062 1934 propterea
1091 1843 1251 1931 aeque
1281 1840 1591 1909 ineffabilis
1623 1867 1792 1931 atque

186 1939 467 2006 mirabilis
491 1997 508 2023 ,
533 1966 597 2007 vt
628 1968 734 2007 nec
762 1968 860 2007 ore
892 1968 997 2006 nec
1031 1940 1200 2006 corde
1232 1938 1394 2029 loqui
1423 1938 1513 2007 vel
1545 1947 1794 2029 cogitare

186 2062 358 2125 queat
381 2035 624 2102 Ecclesia
647 2039 718 2103 de
740 2039 932 2103 samita
952 2041 1239 2102 Trinitate
1259 2092 1278 2120 ,
1303 2044 1444 2124 quin
1477 2039 1796 2124 frequenter

187 2131 465 2198 exclamet
486 2153 499 2188 t
522 2144 562 2195 Ο
582 2132 725 2197 beata
737 2138 967 2197 Trinitas
987 2134 1011 2195 .'
1025 2141 1093 2196 Te
1116 2137 1426 2214 inuocamus,
1447 2153 1497 2196 te
1513 2131 1798 2208 laudamus,

188 2250 238 2291 te
252 2229 535 2312 adoramus,
555 2232 580 2291 ὃ
603 2229 746 2293 beata
757 2230 1015 2293 Trinitas!
1031 2239 1153 2318 Spes
1174 2233 1357 2315 nostra,
1372 2227 1511 2313 fidus
1527 2230 1802 2315 nostra‚ho-

188 2351 281 2388 nor
300 2330 477 2410 noster,
503 2329 528 2387 ὂ
552 2326 694 2389 beata
706 2327 963 2390 Trinitas!
987 2325 1169 2390 Libera
1190 2351 1308 2409 nos,
1320 2323 1465 2410 fizlua
1487 2351 1596 2401 nos,
1621 2326 1801 2411 ‘viuifi-

191 2449 245 2485 ca
265 2446 355 2484 nos
370 2472 389 2498 ,
415 2425 441 2483 ὂ
464 2421 607 2497 beata
627 2424 883 2486 Trinitas!
915 2429 1052 2535 Qi
1076 2419 1317 2488 circulus
1349 2424 1713 2510 perfectionis
1739 2427 1799 2484 in

192 2519 363 2584 corde
381 2519 625 2583 Dauidis
647 2519 745 2595 est,
768 2520 847 2584 est
870 2526 1043 2584 etiam
1069 2519 1241 2583 index
1264 2517 1714 2598 exclamationis,
1740 2524 1797 2580 in

194 2640 372 2704 quarn
396 2639 773 2704 prorumpens
800 2614 1215 2699 Psalm.117‚25.
1241 2620 1372 2679 Deo
1396 2615 1581 2680 cordis
1606 2613 1690 2677 sui
1715 2637 1804 2675 ac-

1133 2716 1189 2776 R
1202 2736 1227 2775 r
1243 2736 1268 2776 r
1284 2736 1308 2778 r
1693 2692 1803 2772 cla-
