2238 3185
366 239 625 290 sACR1
680 235 1114 285 ORATORII
1161 228 1364 277 PARS
1411 228 1500 273 11.
1643 230 1748 283 299

520 409 703 480 Audi
730 413 911 480 Pater
941 401 1358 485 Poenitentis:

144 570 147 573 -
208 513 560 616 Exemplar
586 514 835 585 Christi
857 510 1172 581 audientis
1199 506 1699 592 Samaritanam,

533 613 891 715 ⁸exemplar
923 606 1324 704 Confeffatij.

922 787 963 839 Ι.

329 894 553 960 Hristus
577 899 869 960 veritatem
902 888 934 955 εἰ
964 897 1314 955 Samaritana
1337 940 1358 966 ,
1393 887 1522 953 cum
1551 887 1929 971 faceretrmstm

329 985 760 1069 confessionem,
784 1013 907 1052 non
930 983 1178 1068 extorsit,
1202 986 1296 1050 sed
1316 984 1528 1066 elicuit,
1557 997 1616 1049 &
1631 981 1752 1048 ille-
1761 962 1981 1073 {Ziss‘ss'

149 1093 232 1155 xit
252 1091 641 1172 peccatricem,
665 1107 727 1150 vt
749 1084 850 1147 suo
873 1083 925 1146 se
946 1108 1043 1147 ore
1068 1080 1345 1146 accusaret
1367 1094 1425 1146 &
1441 1082 1750 1145 damnaret.
1765 1077 1927 1156 {fffi‘a‘

144 1186 324 1246 Hanc
347 1180 610 1246 eamdem
627 1183 879 1245 formam
895 1179 1233 1266 seruandam
1259 1175 1362 1243 fibi
1378 1177 1757 1242 Confessarius

146 1301 439 1364 proponat
460 1331 478 1359 ‚
502 1300 566 1342 vt
586 1302 706 1340 non
732 1300 829 1363 per
850 1282 976 1343 'vim
999 1273 1174 1342 vllam
1202 1297 1330 1362 agat
1363 1285 1421 1338 ὃς
1444 1297 1614 1362 cogat
1637 1300 1759 1361 poe-

153 1380 433 1437 nitentem
458 1373 555 1437 sua
577 1378 819 1437 crimina
841 1369 1148 1450 declarare3
1170 1370 1475 1457 prudenter
1496 1369 1762 1434 suauiter-

152 1463 264 1556 que
301 1468 570 1556 procedat
595 1521 612 1550 ‚
635 1491 699 1535 vt
721 1475 1014 1536 veritatem
1051 1464 1252 1531 eliciat.
1287 1471 1343 1530 Si
1368 1473 1492 1553 quis
1517 1472 1641 1533 vim
1671 1472 1760 1530 in-

154 1565 295 1628 ferat
316 1618 333 1645 ,
367 1576 425 1630 &
448 1561 697 1630 violente
725 1570 966 1628 crimina
988 1563 1227 1627 extrahit
1250 1616 1269 1644 ,
1299 1587 1422 1627 non
1449 1585 1568 1626 tam
1595 1566 1759 1625 Con-

151 1661 438 1724 feffarium
462 1667 578 1748 agit
602 1714 621 1741 ,
645 1657 822 1747 quam
848 1659 1102 1724 iudicem.
1132 1656 1448 1722 saecularem
1470 1707 1491 1734 ,
1516 1664 1619 1745 qui
1641 1682 1760 1722 tor-

157 1756 392 1841 quendo
416 1781 576 1819 reum
600 1762 894 1821 veritatem
920 1752 1118 1820 delui&
1141 1777 1434 1843 extorquet
1448 1809 1468 1837 ,
1490 1777 1552 1822 vt
1575 1751 1759 1818 delin„

156 1874 431 1938 quentem
455 1851 816 1916 condemnet.
1812 1854 1814 1859 ’

468 2019 472 2025 ,
622 1956 637 1961 ‘
684 1958 687 1961 ⁴
913 1962 938 2015 1
966 1944 1005 2015 1'.

251 2037 511 2105 Christus
535 2069 601 2106 ex
623 2043 779 2106 faCto
803 2047 1000 2106 itinere
1022 2039 1181 2106 lassus
1207 2038 1437 2108 sedebat
1458 2096 1477 2126 ,
1502 2039 1637 2107 cum
1662 2038 1912 2107 Sasszuasm

159 2142 440 2201 maritana
468 2144 624 2204 venit
651 2162 713 2203 vt
743 2163 957 2224 aquam
991 2164 1056 2202 ex
1084 2139 1244 2205 fonte
1274 2138 1521 2204 hauriret
1548 2189 1568 2214 ,
1602 2149 1662 2202 &
1687 2135 1762 2204 fic
1773 2113 1949 2206 gffleffh·

159 2237 315 2296 iuxta
351 2256 586 2318 puteum
624 2233 816 2297 sedens
850 2240 1186 2320 poeuitentis‘
1212 2234 1322 2298 suae
1353 2231 1765 2300 confeffionem

159 2334 373 2413 accepit
417 2339 475 2391 &
511 2328 801 2414 impendit
844 2327 1265 2394 absolutionem
1281 2381 1293 2393 .
1343 2331 1546 2395 Sedens
1594 2331 1766 2395 iudex

159 2423 496 2486 sententiam
531 2424 689 2487 suam
723 2431 1085 2509 pronuntiat.
1130 2425 1391 2490 Christus
1429 2425 1656 2491 sedebat
1693 2423 1768 2491 fic

160 2517 324 2603 supra
358 2519 580 2583 fontem
606 2572 625 2599 ‚
663 2544 832 2605 agens
871 2516 1041 2584 simul
1071 2522 1493 2586 Confess’arium
1525 2535 1583 2587 &
1614 2522 1768 2585 iudi-

68 2628 70 2630 ’
156 2620 287 2706 'cem
313 2666 331 2696 ,
355 2636 418 2680 vt
454 2614 746 2679 instrueret
781 2640 874 2678 eos
898 2651 934 2691 5
960 2641 1128 2705 penes
1155 2643 1297 2704 quos
1331 2618 1614 2706 iudicium
1646 2624 1769 2701 ani-

1045 2717 1085 2774 P
1108 2739 1143 2799 p
1207 2740 1239 2777 2
1632 2738 1765 2779 ma..
