2238 3185
348 194 610 239 SACRI
655 189 1095 235 ORATORII
1137 189 1353 233 PARS
1402 188 1550 233 111.
1631 179 1742 247 641

139 278 277 359 tha',
307 286 498 359 Beata,
519 302 626 366 quae
653 275 915 361 credidisti.
957 255 1202 339 Accedit
1229 285 1289 349 &
1314 268 1622 339 Catholica
1644 277 1746 338 Ec·
1762 290 1845 327 Luc
1855 297 1870 323 ¹
1874 297 1954 335 4,

142 333 343 451 clesia,
367 399 494 462 quae
519 376 983 438 communicanti
1003 370 1160 435 dicit:
1301 435 1303 437 .

511 468 678 553 Qod
692 494 791 531 non
813 471 944 555 capis
957 521 976 548 ,
998 466 1140 554 quod
1151 491 1250 529 non
1264 463 1440 549 vides,

434 563 688 648 ρΑιιιιιιοβι
705 566 887 651 firmat
905 560 1059 649 fides,
1121 609 1123 611 -

339 663 343 666 ’
433 670 639 723 ‘Praeter
669 685 840 724 rerum
868 657 1107 722 ordmem.

143 756 490 845 Mysterium
510 755 647 821 fidei
670 757 750 820 est
763 755 964 842 ‚quod
996 752 1226 819 fidelem
1252 767 1446 840 parat,
1468 777 1535 816 ac
1559 749 1745 815 reddit

143 852 448 932 auditum,
473 875 535 917 vt
558 849 600 914 s1
622 859 746 938 quis
774 851 912 914 huic
936 857 1303 914 Sacramento
1329 847 1568 913 firmiter
1591 873 1654 911 ac
1678 846 1749 911 fi-

143 946 340 1038 deliter
370 948 560 1011 credat
583 1001 601 1027 ,
625 947 707 1011 -ad
739 970 1055 1010 ceterorum
1091 945 1492 1031 mysteriorum
1525 940 1750 1031 religio-

142 1067 278 1107 nem
303 1041 530 1106 facilem
555 1043 780 1107 aditum
805 1048 1076 1105 inueniat.
1112 1040 1460 1129 Mysterium
1487 1037 1624 1102 fidei
1646 1037 1748 1113 est,

141 1142 302 1205 cuius
326 1135 602 1202 alimonia
622 1162 743 1203 tota
769 1136 906 1202 fides
924 1136 1253 1201 Christiana
1271 1141 1519 1200 nutritur
1538 1147 1597 1198 &
1612 1133 1752 1197 edu-

142 1257 317 1298 catur.
343 1239 501 1299 Hinc
523 1258 654 1300 vera
679 1225 817 1298 fides
841 1233 1135 1320 procedit,
1161 1229 1443 1319 pullulat,
1470 1243 1528 1295 δε
1551 1233 1754 1294 frusti-

145 1327 299 1394 ficat.
346 1330 625 1394 Procedat
652 1327 995 1416 pullulet,
1037 1340 1097 1393 ὃς
1119 1326 1426 1392 fructificet
1462 1326 1602 1391 fides
1631 1311 1751 1401 illa,

146 1451 275 1512 quae
305 1425 532 1491 beatam
556 1429 688 1490 fecit
711 1427 1068 1507 MARxAM,
1100 1412 1268 1490 faciet
1291 1436 1350 1489 δε
1374 1430 1636 1488 animam
1664 1419 1757 1496 su·-

146 1545 401 1586 mentem
427 1517 858 1586 Eucharistiam}

678 1643 1226 1799 MOD{ST1A.

339 1811 570 1871 Ecimus
615 1812 847 1893 Spiritus
891 1806 1071 1871 sancti
1111 1808 1353 1870 fructus
1373 1806 1455 1869 est
1501 1793 1753 1889 modestia,
1768 1813 1980 1876 rruflusra‘-

341 1928 477 1989 quae
500 1903 668 1967 docet
685 1896 1007 1967 'hominem
1052 1901 1509 1966 moderationem
1548 1899 1754 1967 verbo·
1767 1885 1954 1972 Ζζηῗοξῖζ

153 2024 285 2062 rum
309 2009 367 2062 &
386 2001 695 2075 factorum,
721 2023 781 2064 vt
804 1999 856 2062 se
879 2021 1231 2084 componat,
1257 2010 1315 2062 &
1339 1996 1636 2063 humiliter
1659 2022 1758 2082 ge·-

152 2118 256 2158 rat.
293 2094 554 2158 Christus
579 2092 824 2158 humiles
855 2105 914 2158 δε
939 2093 1227 2158 modestos
1251 2091 1439 2160 voluit
1465 2119 1558 2156 eos
1584 2141 1604 2167 ,
1627 2098 1760 2178 qui-

152 2188 258 2253 bus
299 2192 459 2254 suam
495 2190 904 2254 Eucharistiam
942 2179 1375 2276 impendebat,
1423 2200 1482 2253 ὃς
1519 2185 1755 2269 idcirco,

152 2283 286 2349 cum
311 2283 471 2349 illam
497 2286 807 2351 institueret
831 2339 849 2367 ,
881 2293 941 2349 in
973 2288 1168 2349 sancta
1198 2282 1522 2349 humilitate
1550 2283 1760 2347 instru-

151 2388 253 2445 xit.
299 2379 562 2458 Praeluxit
591 2379 854 2468 exemplo
885 2383 1137 2445 MARIA
1160 2429 1180 2455 ,
1213 2405 1340 2466 quae
1368 2381 1512 2444 dum
1549 2404 1757 2466 panem

150 2475 430 2550 caelestem
461 2484 719 2564 accipit
739 2474 1067 2551 humilitate
1095 2472 1263 2540 illum
1294 2483 1596 2563 concepit,
1635 2482 1759 2536 Ecce
1773 2490 1857 2528 Luc
1866 2493 1965 2539 ωε·

149 2576 326 2634 ancilla
355 2577 565 2635 Domini
591 2573 739 2659 ,βαι
765 2575 888 2637 mihi
906 2567 1182 2656 ficundtim
1203 2570 1444 2636 verbum
1474 2591 1664 2634 tuum.-
1701 2581 1760 2632 δε

904 2669 976 2731 M
991 2693 1129 2732 mm
1148 2693 1209 2731 m
1611 2664 1764 2752 post—
