2238 3185
408 183 532 251 406
677 194 940 240 SACRI
987 192 1430 239 ORATORII
1478 194 1682 242 PARS
1731 202 1818 246 11.

404 303 541 367 gens
566 277 865 345 fimbriam
888 280 1186 347 sanitatem
1210 288 1449 370 recepit,
1467 296 1526 351 ὃ(
1542 281 1770 352 fluxum
1791 280 2020 419 sangui-

402 382 490 439 nis
507 430 525 457 ‚
544 402 719 464 quem
742 376 1102 464 patiebatur,
1126 375 1393 467 repreffit.

1143 495 1167 548 -I
1194 496 1217 548 I
1243 495 1281 548 I

494 578 729 658 Spiritus
769 573 993 639 sanetus
1024 600 1261 640 ‘carnem
1295 588 1354 642 &
1377 576 1715 665 sanguinem
1753 578 1879 644 odit
1906 634 1925 662 ‚
1958 591 2021 647 δε

401 668 583 732 recusa
597 668 725 734 cibi
758 673 861 735 effe
886 670 986 738 vbi
1020 698 1153 737 caro
1193 684 1252 738 &
1284 673 1507 764 sanguis
1533 697 1786 763 regnant.
1815 675 2021 742 Testa-

180 779 493 831 emersa-tur
515 764 630 829 hoc
654 764 839 854 ipsum
865 764 1059 851 Deus3
1085 767 1219 835 cum
1244 776 1322 835 ait
1344 820 1364 846 ,
1397 779 1524 834 Non
1537 771 2022 864 permanebitspiri-

180 1643 354 1697 Confefflt·

177 1701 253 1737 rius
274 1700 348 1738 dux

175 1755 241 1794 eft.

178 2619 287 2657 Matt.
298 2623 356 2664 16,

182 2683 242 2718 23·

403 879 486 922 tus
509 886 648 925 meus
670 868 721 925 in
745 865 937 927 homine
960 868 1011 927 in
1034 886 1273 929 aeternum
1286 916 1306 943 ,
1331 871 1450 955 quia
1471 893 1582 930 caro
1614 871 1704 932 efi.
1750 867 1911 952 Ciun
1939 876 2022 936 ita

397 956 454 1020 se
483 983 561 1022 res
594 958 826 1036 habeat,
847 962 1123 1050 sapienter
1152 963 1413 1028 Christus
1445 970 1721 1051 Spiritum
1752 964 2028 1032 sanetum·

403 1061 584 1119 carnis
612 1068 671 1121 δε
695 1057 983 1147 sanguinis
1007 1058 1237 1152 hostem
1263 1060 1630 1126 Confessariis
1660 1060 1892 1152 largitus
1917 1062 2019 1147 est,

405 1174 468 1217 vt
502 1176 682 1239 partes
706 1161 942 1242 Spiritus
965 1155 1146 1221 sancti
1178 1180 1385 1246 agant,
1417 1169 1476 1221 &
1501 1156 1726 1223 causam
1759 1165 1874 1223 eius
1910 1184 2020 1247 pro

403 1246 552 1313 virili
577 1273 859 1316 tueantur.
875 1255 1164 1337 Tuentur‚
1189 1279 1324 1318 cum
1348 1278 1454 1341 pro
1478 1250 1650 1319 salute
1675 1261 1886 1320 animae
1909 1255 2020 1321 suae

402 1369 601 1411 contra
638 1373 872 1413 carnem
913 1362 972 1415 &
1010 1349 1348 1439 sanguinem
1386 1374 1675 1440 pugnant
1727 1352 2018 1435 Tuentur,

400 1468 535 1506 cum
564 1443 902 1511 huiusmodi
929 1444 1147 1512 militiae
1192 1447 1444 1512 strenuos
1482 1441 1710 1512 milites
1729 1471 2018 1535 quaerunt,

404 1550 465 1602 &
483 1565 625 1627 quos
654 1540 873 1608 habent
907 1551 1291 1633 poenitenteS,
1323 1544 1514 1609 eidem
1544 1543 1875 1610 adscribunt
1904 1553 2021 1610 mi-

403 1632 580 1719 litiae,
612 1661 674 1705 vt
696 1637 889 1705 hostes
922 1637 1150 1707 sibimet
1174 1641 1439 1706 existant.
1477 1645 1547 1705 In
1581 1639 1695 1706 hoc
1722 1639 1878 1707 bello
1900 1641 2020 1707 dux

403 1730 663 1798 militum
685 1735 938 1816 ‚duetor
959 1745 1371 1826 poenitentium
1394 1735 1567 1803 debet
1592 1738 1698 1802 effe
1720 1738 2019 1803 Confessa-

405 1835 550 1894 rius:
580 1832 691 1897 fuit
711 1844 769 1898 ὃ(
794 1833 1058 1900 Christus
1082 1885 1104 1913 ,
1134 1861 1311 1923 quem
1341 1831 1550 1899 mulier
1580 1831 1675 1899 illa
1701 1833 1885 1900 secuta
1915 1835 2018 1919 est,

405 1937 466 1991 ὃ(
495 1933 611 1992 eius
641 1928 921 1996 inhaerens
946 1932 1192 2021 vestigiis
1216 1982 1236 2008 ,
1267 1930 1432 1998 vestis
1465 1927 1767 1996 fimbriam
1795 1929 2019 1997 oscula-

403 2046 462 2088 ta
484 2077 505 2107 ,
535 2023 609 2088 de
638 2033 872 2114 proprio
903 2028 1180 2119 sanguine
1209 2036 1571 2093 incruentam
1595 2032 1905 2095 vietoriam
1927 2053 2021 2093 ‘re-

403 2127 674 2208 portauit.
714 2121 906 2212 Qud
929 2121 974 2188 fi
995 2175 1015 2202 ,
1041 2125 1185 2190 dum
1206 2149 1265 2190 ‘te
1288 2124 1479 2212 ipsum
1500 2130 1683 2192 vincis
1707 2174 1728 2201 ,
1756 2136 1815 2189 &
1834 2129 2021 2192 vidio-

404 2222 550 2283 riam
587 2215 845 2306 tuiipslus
882 2222 1230 2310 prosequeris
1251 2273 1274 2298 2
1315 2220 1518 2309 aliquis
1549 2228 1884 2287 intercurrat
1904 2276 1923 2304 ‚
1957 2233 2020 2287 &

405 2337 645 2380 conetur
666 2313 742 2381 ab
763 2321 996 2406 incepto
1018 2315 1314 2407 proposito
1337 2319 1608 2384 deterrere
1632 2373 1651 2402 ,
1683 2325 2019 2385 memineris

403 2411 658 2477 ciusdem
689 2411 908 2478 Christi
935 2469 952 2497 ,
991 2422 1093 2502 qui
1128 2412 1393 2504 paffionis
1432 2412 1564 2505 erg&
1600 2414 2019 2504 lerosolymam

403 2506 778 2584 ascendebat,
805 2521 862 2574 &
888 2538 1019 2575 cum
1047 2513 1323 2578 retardare
1346 2537 1481 2577 eum
1509 2519 1700 2578 Petrus
1724 2510 1928 2588 vellet,
1954 2518 2017 2576 in
2072 2535 2076 2539 ’

401 2605 653 2694 ipsum:³
617 2611 862 2671 orauiter
884 2613 1144 2674 inuectus
1170 2610 1265 2674 est.
1291 2608 1453 2693 Vade,
1477 2616 1693 2700 inquit,
1712 2613 1820 2700 post
1841 2633 1918 2671 me
1927 2605 2017 2691 fit-

1876 2723 2014 2784 tana,
