2238 3185
210 724 425 769 Ioan.9‚26.

215 1483 429 1534 misereatur

208 1541 423 1589 poenitentu.

431 226 527 278 288
674 207 1428 275 sACRrORAToRrr
1475 234 1684 278 PARS
1735 234 1823 278 τις

432 341 529 380 ret.
555 320 692 379 Hoc
717 311 1045 402 depositum
1070 313 1294 380 seruant
1320 316 1478 403 apud
1501 316 1554 380 se
1578 313 1788 406 singuli
1810 319 2051 385 Confes-

431 413 552 495 sarij
578 441 590 475 :
625 436 916 498 exponant
939 410 1353 499 poenitentibus
1379 468 1396 494 ,
1420 437 1484 480 vt
1507 411 1640 478 cum
1667 421 1796 479 caeci
1821 421 2054 481 veniant

430 510 505 572 ad
531 505 972 573 Confeffionem
996 563 1013 590 ‚
1044 508 1315 573 amissum
1343 506 1456 576 sibi
1482 510 1672 577 visum.
1704 531 2053 598 recuperent,

434 616 494 668 δε
516 605 841 670 restaurent.
878 610 996 669 Hic
1025 602 1262 669 effectus
1289 611 1650 672 Poenitentiae
1673 663 1691 689 ,
1716 631 1779 672 vt
1804 613 1903 695 qui
1935 614 2052 671 eius

435 700 720 767 beneficio
743 703 984 784 fruatur,
1009 702 1192 767 dicere
1215 727 1386 791 queat
1412 732 1425 768 z
1457 714 1643 768 ‘Unum
1653 701 1779 789 fiio,
1805 707 1923 793 quia
1945 703 2056 767 etim

437 824 584 862 caecus
607 794 746 886 ffm
766 847 787 874 ,
812 798 957 861 mod&
981 799 1170 862 video.

1168 917 1190 969 Ῑ
1218 918 1239 969 Ι
1265 917 1303 970 Ι.

526 1001 865 1083 Antequam
892 993 1188 1062 illustraret
1211 996 1473 1061 Christus
1499 1022 1740 1073 caecum,
1761 1004 1821 1062 in
1846 1021 2052 1062 terram

431 1099 648 1180 expuit,
674 1105 731 1156 &
751 1092 881 1157 dein
906 1090 1100 1158 liniuit
1121 1091 1317 1158 oculos
1342 1099 1458 1157 eius
1477 1148 1495 1175 ,
1519 1106 1582 1157 &
1599 1094 1716 1160 visu
1726 1121 1786 1158 m
1818 1094 2050 1158 infudit.

435 1187 792 1254 Solet-homo
810 1244 828 1272 ,
847 1187 984 1254 cum
1002 1189 1312 1277 quidpiam
1331 1189 1629 1255 sordidum
1650 1191 1805 1256 vid-et
1828 1213 1927 1255 aut
1950 1216 2054 1254 au·-

436 1286 556 1361 dit‚
583 1286 807 1350 horrere
823 1340 842 1368 ,
870 1297 929 1350 δε
946 1310 1061 1373 prae
1084 1286 1320 1350 horrore
1344 1292 1404 1349 in
1429 1308 1637 1350 terram
1661 1287 1871 1373 spuere.
1903 1292 2057 1350 Fecit

437 1380 551 1446 hoc
575 1382 837 1446 Christus
863 1417 878 1462 3
916 1382 1112 1447 sedita
1142 1384 1276 1447 fecit
1297 1432 1318 1458 ,
1350 1405 1414 1448 vt
1444 1378 1613 1446 simul
1644 1381 1955 1447 hominem
1985 1379 2056 1446 il-

441 1475 773 1543 lustrauerit.
800 1478 1111 1543 Sordidum
1134 1478 1278 1566 quid
1303 1490 1362 1542 &
1386 1477 1691 1542 horridum
1705 1533 1725 1562 ,
1755 1500 2056 1567 peccatum

441 1576 521 1638 est
552 1630 570 1656 ‚
607 1575 770 1662 quod
807 1572 1225 1662 displicentiam
1262 1573 1649 1640 &horrorem
1683 1582 1865 1663 pariat
1892 1580 2058 1639 Con-

441 1672 659 1735 fess'ario
682 1672 890 1735 necesse
913 1671 1023 1735 est:
1051 1671 1247 1736 sedita
1269 1678 1450 1759 pariat
1473 1671 1770 1737 horrorem
1786 1721 1807 1749 ,
1832 1694 1899 1738 vt
1918 1696 2058 1736 ocu-

442 1765 524 1831 los
549 1766 622 1831 ab
645 1767 887 1833 homine
905 1792 1028 1831 non
1052 1791 1266 1832 auertat
1281 1821 1301 1849 ,
1329 1763 1554 1855 eiusque
1579 1767 1800 1833 studeat
1822 1762 2059 1854 spiritali

444 1861 823 1928 illustrationi.
856 1869 1069 1928 Horret
1089 1887 1387 1951 peccatum
1404 1864 1666 1928 Christus
1684 1919 1703 1946 ,
1724 1889 1845 1928 non
1869 1863 2060 1929 horret

444 1984 712 2024 naturam
734 1948 1085 2024 homiuum:
1111 1959 1238 2025 odit
1259 1965 1514 2024 criminis
1533 1967 1867 2036 caecitatem,
1893 1958 2061 2023 mise-

445 2079 597 2120 retur
620 2055 971 2120 conditionis
994 2056 1286 2132 humanat,
1303 2051 1616 2144 monetque
1631 2055 2058 2120 Confeffarium

446 2176 509 2216 vt
532 2159 839 2216 caecitatem
863 2152 1166 2217 detestetur
1181 2202 1201 2229 ,
1226 2165 1285 2218 &
1304 2177 1549 2217 manum
1576 2152 1867 2218 miseratus
1891 2149 2062 2216 adhi-

447 2247 577 2313 beat
593 2299 613 2324 2
638 2272 700 2316 vt
723 2248 894 2313 miser
917 2274 1091 2314 caecus
1116 2246 1148 2313 a
1171 2249 1317 2314 statu
1341 2248 1442 2314 suo
1468 2245 1693 2313 resiliat.

527 2439 688 2505 Cum
714 2439 857 2506 latus
877 2441 1044 2506 suum
1069 2363 1334 2517 Christxiis
1350 2437 1644 2528 Apostolis
1671 2451 1730 2504 δε
1762 2436 2061 2502 Confessa-

449 2545 539 2602 riis
570 2537 818 2602 ostendit
842 2592 859 2618 ,
888 2537 1132 2601 donauit
1154 2563 1247 2601 eos
1270 2543 1484 2625 Spiritu
1509 2537 1707 2601 sancto
1725 2586 1746 2613 ,
1777 2541 1935 2599 cuius
1961 2532 2064 2597 ad-

449 2658 692 2699 uentum
715 2658 923 2722 optans
946 2644 1005 2698 &
1028 2630 1197 2698 simul
1220 2658 1386 2698 orans
1412 2688 1430 2716 ‚
1456 2633 1596 2699 dicit
1617 2628 1861 2697 Ecclefia
1879 2630 2064 2808 :sveni

1922 2728 2065 2785 anosle
