2238 3185
231 793 394 843 Repetin-

233 843 400 895 Confeffio

221 897 375 956 signum⁷

230 1002 395 1039 nationis.

235 1375 422 1420 psal-118,

240 1435 327 1475 176.

238 1564 341 1614 1s21.5
354 1570 428 1614 3‚6·

444 212 564 270 472
692 204 966 251 ,sAcizr
1009 202 1436 251 oRAroRrr
1479 206 1690 252 PARS
1736 209 1832 257 11.

445 293 688 382 nostram.
720 299 1048 360 Errauimus
1076 318 1284 364 omnes
1307 315 1374 362 vt-
1392 319 1529 360 oues
1553 347 1572 377 ‚
1600 318 1664 362 vt
1690 320 1827 361 oues
1856 321 2059 365 omnes

449 389 761 460 clamemus
796 401 854 456 ὃς
877 386 1138 461 balatum
1163 389 1428 456 nostrum
1453 391 1710 457 edamus,
1740 397 1884 458 Haec
1905 391 2063 462 bona

447 487 570 552 haec
605 494 856 576 ingenua
891 485 1122 575 perditae
1154 493 1282 552 ouis
1317 487 1583 553 conditio
1605 537 1626 566 ,
1663 512 1730 556 vt
1765 487 1900 554 cum
1938 514 2063 578 gre-

451 608 585 673 gem
620 584 789 648 suum
825 581 1102 657 dimiserit
1125 632 1147 659 ,
1183 593 1246 648 &
1276 583 1562 671 pastorem
1594 582 1760 649 suum
1794 585 2064 663 amiserit,

449 681 770 767 frequentes
795 679 924 745 edat
944 675 1165 745 balatus
1189 732 1209 762 ‚
1231 677 1442 768 quibus
1467 677 1746 745 auxilium
1769 679 2063 770 imploret,

456 798 667 863 repetat
688 782 846 843 viam
872 787 930 840 &
950 774 1182 853 ducem,
1204 799 1269 843 vt
1289 775 1363 841 ad
1381 773 1566 842 caulas
1587 800 1896 843 reuocetur.
1922 783 2069 845 Haec

454 871 658 937 eadem
690 872 793 937 dos
823 926 844 956 ‚
879 871 1002 938 haec
1036 871 1148 937 sors
1181 872 1264 937 est
1293 880 1502 939 animae
1537 869 1728 938 elestae
1761 928 1780 956 ,
1812 883 1872 937 &
1896 869 2070 941 simul

456 968 861 1056 praedestinatae
882 1023 902 1051 ‚
925 991 989 1035 vt
1020 964 1062 1032 si
1086 966 1400 1057 aliquando
1423 967 1763 1035 aberrauerit
1783 1018 1805 1047 ,
1835 977 2069 1036 errantis

456 1070 581 1129 ouis
621 1090 807 1131 mores
849 1071 1107 1131 imitetur
1139 1118 1159 1146 ,
1205 1076 1264 1131 δε
1289 1071 1348 1130 in
1381 1064 1529 1132 statu
1560 1072 1733 1130 etiam
1764 1073 1981 1154 peccati
2009 1078 2070 1133 δε

458 1160 791 1248 perditionis
823 1161 932 1226 suae
954 1157 1197 1226 declaret
1223 1161 1276 1226 se
1305 1187 1428 1226 non
1462 1161 1544 1225 ad*
1566 1160 1772 1226 hoedos
1803 1160 1988 1227 malos
2010 1174 2072 1228 δε

460 1256 732 1345 reprobos
757 1312 777 1340 ,
805 1257 903 1324 sed
935 1257 1008 1322 ad
1028 1282 1163 1322 oues
1195 1256 1384 1345 potius
1413 1254 1716 1322 seruandas
1749 1254 2073 1323 saluandas-

460 1348 571 1442 due
605 1361 898 1442 pertinere.
928 1352 1205 1419 Ostendit
1239 1350 1355 1437 ille,
1378 1359 1482 1441 qui
1505 1351 1688 1417 dixit:
1722 1357 1915 1416 Erraui
1935 1354 2074 1441 ficut

460 1454 568 1512 ouis
598 1475 705 1540 quae
730 1453 906 1540 periit.
952 1449 1349 1515 Ostenderunt
1383 1455 1488 1536 qui
1525 1446 1849 1514 clamarunt
1886 1475 1954 1514 ac
1989 1473 2075 1514 re·-

461 1544 822 1612 clamarunt:
859 1556 1045 1610 Omnes
1080 1571 1172 1609 nos
1204 1547 1349 1635 quasi
1377 1569 1491 1607 oues
1528 1546 1811 1610 errauimus
1831 1594 1853 1622 ,
1888 1543 2076 1630 canufi

461 1638 667 1731 quisque
688 1646 744 1706 in
759 1646 901 1707 ‘viam
909 1640 1060 1727 fitam
1081 1641 1347 1724 declinauit
1367 1668 1383 1704 .·
1402 1642 1487 1724 &ff
1495 1638 1664 1731 pofhit
1684 1644 1737 1704 in
1758 1665 1810 1705 eo
1827 1643 2077 1706 Dominus

461 1742 778 1828 iniquitatem
803 1743 1023 1803 omnium
1050 1739 1290 1825 nostrum.
1331 1744 1637 1826 Qamuis
1662 1761 1977 1825 peccatores
2003 1733 2078 1802 fi-

464 1859 594 1900 mus
618 1884 640 1912 ,
674 1847 733 1900 &
755 1835 1145 1923 vnusquisque
1183 1834 1446 1901 nostrfim
1487 1834 1706 1899 dederit
1735 1835 1790 1899 se
1829 1840 1890 1899 in
1915 1839 2076 1902 viam

464 1929 646 2011 suam,
670 1955 733 1997 vt
754 1938 941 1997 maior
963 1933 1092 1997 effet
1115 1937 1429 1997 errantium
1452 1955 1724 1996 numerus
1739 1980 1761 2008 ,
1790 1955 2078 1996 errorum-

462 2022 572 2115 <jue
600 2025 920 2093 multitudo
947 2081 966 2111 ‚
988 2024 1155 2116 pofiait
1183 2032 1236 2090 in
1264 2053 1316 2091 eo
1340 2030 1593 2091 Dominus
1621 2030 1943 2116 iniquitatem
1969 2052 2080 2091 om-

466 2126 607 2187 nium
643 2123 876 2187 nostram
909 2179 928 2205 ‚
979 2147 1042 2188 vt
1083 2148 1184 2212 pet
1218 2129 1384 2191 vnius
1425 2149 1491 2188 ac
1538 2120 1710 2188 solius
1755 2129 2077 2212 iniquitatis

467 2227 829 2299 mentionem
851 2216 1229 2285 insinuaretur
1243 2274 1261 2302 ‚
1287 2242 1516 2308 propter
1536 2226 1779 2285 crimina
1800 2226 2078 2285 omnium

468 2326 529 2380 &
547 2311 904 2405 singulorum
924 2315 1241 2382 hominum
1266 2313 1546 2406 fingulare
1562 2339 1886 2405 peccatum,
1904 2316 2081 2382 Chri-

468 2412 621 2476 stum
646 2412 718 2477 de
755 2409 897 2476 caelis
933 2410 1163 2477 miss‘um
1197 2466 1215 2496 ‚
1256 2423 1316 2490 βε
1343 2419 1404 2477 in
1434 2411 1534 2478 has
1565 2420 1819 2502 regiones
1851 2413 2074 2479 venisie.

469 2510 650 2573 Tanti
673 2507 939 2596 ponderis
962 2503 1049 2576 vel
1072 2534 1257 2585 vnum
1285 2533 1586 2598 peccatum
1611 2509 1694 2574 est
1713 2558 1734 2586 ,
1759 2531 1822 2576 vt
1841 2509 1970 2573 esset
1997 2509 2082 2572 fe-

474 2604 656 2670 rendo
694 2601 877 2688 soluS,
914 2611 1072 2671 cuius
1109 2606 1368 2673 humeris
1405 2611 1569 2672 Pater
1603 2603 1750 2672 illud
1783 2604 2081 2695 imposuit,

1971 2725 2080 2767 nec
