2238 3185
391 262 469 314 to
503 235 694 341 apud
727 238 1107 340 Segouiam
1129 298 1151 332 ,
1180 238 1521 316 nimirum
1552 239 1627 315 in
1649 237 2006 335 Valsain0‚

390 349 576 426 edita
601 350 674 424 in
702 347 943 424 lucem
969 348 1067 424 est
1088 409 1109 440 ,
1131 378 1288 454 quae
1315 378 1445 454 pro
1465 350 1727 428 deliciis
1754 353 2008 428 huma-

391 489 490 538 no
511 460 755 565 generi
778 458 1020 536 futura
1042 486 1188 537 erat
1210 522 1231 555 ,
1256 462 1434 538 dum
1456 463 1730 539 viueret
1743 511 1762 563 3
1785 468 1863 538 ὅζ
1881 492 2007 539 cu-

391 574 500 649 ius
543 571 835 648 tandem
873 572 1027 675 post
1066 598 1378 648 mortem
1423 599 1619 677 grata
1659 575 2009 650 memoria

393 682 622 760 mellis
659 681 1079 759 suauitatem
1123 682 1415 760 referret
1454 745 1475 778 ,
1510 685 1656 761 vini
1691 684 2007 761 dulcedi-

395 824 566 872 nem
598 795 965 871 redoleret.
992 794 1205 870 Adde
1226 800 1303 870 &C
1323 794 1605 871 musicae
1629 794 2011 872 consonan-

395 909 568 982 tiam
592 968 613 999 ,
642 934 800 1011 quae
835 911 913 981 ὃς
933 907 1105 982 vino
1137 904 1478 1010 generoso
1509 907 1838 984 adiuncta
1867 936 2013 982 ma-

392 1020 496 1122 gis
523 1017 779 1093 alliciet
797 1078 819 1112 ‚
841 1018 1064 1121 magis
1085 1019 1391 1093 attrahet
1419 1019 1700 1093 animos
1721 1019 2010 1121 piorum

394 1130 782 1205 hominum
804 1189 826 1221 ‚
855 1156 934 1204 vt
966 1128 1082 1206 vel
1119 1157 1209 1205 ex
1243 1157 1333 1205 eo
1369 1129 1578 1204 titulo
1600 1191 1620 1223 ,
1651 1129 1851 1234 qubd
1884 1153 1914 1204 S
1935 1154 2010 1204 A-

401 1264 661 1316 cRVM
697 1243 1291 1317 ORATORIVM
1327 1242 2012 1317 SERENISSIMAM

397 1350 596 1428 sonet
631 1354 709 1425 IS
732 1375 777 1425 A
798 1374 834 1424 Β
854 1375 892 1425 E
915 1376 958 1425 L
983 1377 1025 1426 L
1041 1375 1090 1427 A
1110 1374 1173 1427 M
1207 1411 1229 1444 ,
1266 1349 1511 1426 sanctae
1539 1352 1689 1427 eius
1722 1351 2013 1427 lectioni

399 1462 623 1565 magis
644 1460 1046 1539 afficiantur
1060 1524 1080 1555 ,
1105 1463 1326 1566 magis
1345 1462 1776 1538 addicantur.

504 1576 827 1678 Vterque
843 1574 1165 1677 Princeps
1185 1569 1454 1649 direfft'm
1474 1567 1788 1649 dmimtm
1806 1580 1877 1647 W
1890 1587 2014 1678 ρκ’-

395 1689 990 1789 m'temiamgentbs,
1012 1713 1168 1790 quae
1184 1712 1306 1788 per
1326 1681 1830 1787 septemdecim
1853 1688 2012 1759 Pro-

399 1796 662 1871 uincias
706 1794 1063 1898 Baptismo
1105 1796 1542 1871 Poenitentiae
1591 1791 1833 1872 abluta
1872 1798 2013 1870 Ca-

398 1906 677 1981 tholicae
710 1906 1033 1982 Ecclesiae
1069 1905 1384 1984 acceffit.
1425 1909 1752 2012 Vterque
1793 1906 2011 1981 etiam

395 2017 783 2120 praelucens
823 2019 1158 2120 exemplo
1211 2016 1499 2094 subditis
1538 2015 1738 2094 vsum
1781 2018 2010 2091 Poeni-

398 2128 634 2203 tentiae
673 2129 1212 2204 Sacramentalis
1257 2129 1536 2203 induxit
1568 2133 1646 2203 ὃζ
1683 2128 2008 2204 introdu-

398 2239 536 2313 Xit.
580 2241 905 2342 Vterque
950 2242 1274 2341 Princeps
1307 2231 1463 2313 mla
1496 2232 2011 2313 abominationes

394 2354 764 2454 impastam,
795 2378 968 2452 quas
1001 2351 1239 2426 intulit
1264 2351 1337 2423 in
1364 2348 1689 2452 Belgium
1721 2349 2008 2448 haerefis3

397 2463 476 2533 &
512 2459 926 2535 venerabilis
967 2461 1402 2536 Sacramenti
1433 2522 1454 2555 ,
1505 2461 1706 2565 quod
1747 2461 2009 2565 myste-

398 2570 586 2646 rium
612 2570 884 2673 pietatis
904 2571 1001 2646 est
1017 2633 1038 2667 ,
1067 2569 1341 2650 affiduo
1361 2571 1566 2650 cultu
1585 2576 1662 2646 &
1681 2570 2010 2677 frequen-

1913 2707 2007 2756 tia
