2238 3185
398 207 433 261 8
620 212 888 258 sA0R1
942 180 1391 260 oRAToRn
1443 219 1652 262 PARS
1709 220 1755 263 1.

400 306 530 388 quit
551 355 568 383 ‚
586 299 873 389 persbuerat
893 300 1115 365 mundus
1131 351 1152 378 ,
1176 327 1323 392 quem
1347 319 1426 380 &³
1442 325 1501 368 tu
1525 331 1635 368 cum
1658 317 1770 371 Deo
1779 302 2017 394 fhndasti

400 396 466 459 ab
489 401 645 460 initio.
685 404 887 488 Digna
911 396 1030 464 filia
1052 423 1215 463 tanto
1240 406 1400 466 Patre
1418 457 1436 484 ‚
1463 402 1669 491 dignus
1698 409 1859 469 Pater
1883 428 2015 469 tan-

401 518 459 558 ta
483 492 619 559 filia.
665 500 841 560 I-Ianc
874 491 1262 561 chariffimam
1286 494 1470 563 filiam
1500 499 1664 564 suam
1698 525 1903 566 monet
1925 501 2015 566 di-

402 598 572 655 uinus
599 597 762 656 Pater
783 599 1060 680 primatus
1084 592 1167 657 sui
1198 620 1261 657 ac
1296 601 1640 683 principatus
1668 596 1849 661 :Audi
1873 596 2009 682 filia,

396 688 481 769 ff·
498 687 623 751 vide
645 707 695 751 te
717 708 996 752 creaturam
1017 692 1235 753 omnium
1254 694 1492 779 primam.
1528 692 1861 780 Respondet
1888 690 2005 758 illa:

170 791 374 845 mah-60
400 794 558 847 Pater
578 789 766 870 noster,
792 789 953 874 quies
976 788 1029 847 in
1051 784 1188 849 caelis.

494 886 721 964 Prima,
751 908 930 969 quam
953 888 1112 946 Deus
1137 888 1372 948 vocauit
1393 879 1577 947 filiam
1601 937 1619 963 ,
1652 893 1711 947 δε
1728 888 1915 969 prima
1939 882 2008 947 fi·
2051 967 2058 970 θ

396 972 473 1040 lia
496 1003 623 1065 quae
647 975 926 1042 caelestem
945 983 1174 1042 Patrem
1196 985 1365 1043 nouit
1385 1033 1404 1062 ‚
1439 976 1617 1043 coluit
1642 991 1700 1043 &
1724 978 2004 1062 adorauit,

395 1073 652 1139 MARIA
675 1075 772 1139 est.
798 1075 932 1139 Esto
948 1129 967 1156 ,
988 1073 1155 1138 serius
1179 1074 1463 1163 producta
1484 1076 1685 1156 fuerit,
1711 1086 1769 1139 δε
1794 1082 2007 1140 imma-

394 1167 649 1234 culatam
673 1170 1140 1259 Concep'tionem
1164 1168 1347 1258 plures
1374 1177 1760 1259 generationes
1783 1172 2008 1259 praeces-

393 1265 564 1331 serint
591 1301 605 1346 3
632 1273 892 1354 primum
917 1266 1071 1355 apud
1093 1273 1293 1331 Deum
1316 1263 1512 1331 locum
1537 1273 1720 1331 tenuit
1743 1321 1760 1349 ‚
1787 1294 1850 1331 ac
1873 1294 2007 1355 pro-

392 1362 530 1426 inde
567 1386 949 1429 creaturarum
985 1370 1261 1428 omnium
1296 1369 1485 1451 prima
1507 1417 1526 1445 ‚
1563 1360 1697 1427 cum
1734 1370 1907 1428 intrat
1943 1377 2003 1428 δε

389 1458 587 1544 prodit
610 1465 671 1523 in
694 1458 1013 1542 mundum,
1038 1458 1141 1525 rite
1167 1471 1226 1524 &
1252 1458 1401 1524 reo'te
1425 1459 1705 1523 censenda
1728 1459 1823 1523 est.
1841 1466 2006 1524 Con-

390 1561 609 1644 tingere
633 1557 928 1621 interdum
951 1554 1115 1639 solet,
1127 1579 1191 1623 vt
1210 1563 1483 1620 Summus
1500 1556 1769 1620 Pontifex
1783 1563 1844 1620 in
1861 1562 2006 1621 Car-

390 1649 680 1717 dinalium
717 1659 999 1718 creatione
1033 1660 1294 1741 primum
1330 1650 1528 1718 locum
1559 1658 1692 1717 viro
1728 1659 2003 1740 primario

390 1747 633 1813 reseruet
647 1803 667 1831 ‚
693 1776 870 1837 quem
893 1755 953 1813 in
976 1749 1060 1813 sui
1083 1755 1328 1838 pectoris
1351 1749 1559 1814 scrinio
1582 1755 1815 1829 retinet3
1839 1775 2003 1814 cum-

388 1839 499 1932 q'ue
534 1844 842 1911 declaratus
876 1846 1115 1910 tandem
1150 1848 1325 1911 fuerit
1358 1900 1379 1928 ‚
1422 1851 1611 1911 ceteris
1650 1850 1999 1932 Purpurariis

388 1942 734 2028 praeferatur.
787 1940 948 2007 Cum
992 1943 1253 2008 summus
1296 1948 1456 2007 Deus
1498 1941 1570 2007 de
1613 1964 2000 2007 creaturarum

387 2043 665 2103 omnium
687 2061 875 2127 ageret
895 2040 1247 2103 formatione
1268 2093 1287 2121 ,
1312 2036 1623 2126 praefiniuit
1650 2038 1805 2125 apud
1825 2039 1879 2102 se
1893 2093 1912 2121 ,
1938 2063 2001 2105 vt

386 2139 577 2221 prima
599 2142 873 2200 omnium
897 2136 970 2198 M
986 2159 1031 2200 A
1045 2159 1090 2202 R
1105 2159 1127 2200 1
1146 2158 1190 2200 A
1213 2138 1361 2200 foret
1381 2184 1402 2211 ,
1434 2141 1703 2222 quamuis
1725 2133 1999 2200 nonnihil

388 2228 601 2295 tardius
641 2237 1028 2319 conciperetur
1062 2282 1084 2308 ,
1125 2243 1184 2296 &
1220 2229 1385 2296 serius
1423 2255 1794 2320 generaretur.
1848 2237 2000 2320 Ergo

387 2323 523 2390 cum
545 2326 928 2392 Immaculata
950 2335 1267 2416 concipitur
1289 2382 1309 2410 ,
1348 2334 1537 2392 ceteris
1563 2334 1825 2392 creaturis
1851 2352 1996 2414 prae-

385 2423 563 2487 fertur
583 2479 602 2506 ,
633 2449 760 2512 quae
798 2436 856 2489 ὃς
885 2431 947 2489 in
985 2424 1082 2488 sua
1116 2431 1399 2488 creatione
1434 2446 1724 2512 praeuenta
1757 2429 1994 2487 rationis

385 2519 484 2583 vsu
502 2575 521 2602 ‚
545 2520 715 2584 suum
738 2520 1087 2609 recognoscit
1109 2525 1404 2585 auctorem
1416 2575 1435 2603 ,
1456 2533 1515 2585 δε
1538 2527 1738 2584 Deum
1760 2526 1996 2585 inuocat

388 2619 615 2682 Patrem
652 2651 669 2697 3
708 2616 781 2683 ad
818 2622 975 2682 cuius
1016 2614 1243 2683 cultum
1281 2629 1340 2682 δε
1364 2618 1763 2685 adorationem
1802 2623 1993 2703 prima

1720 2735 1995 2776 ommuni
