2238 3185
347 193 604 240 SACRI
651 191 1095 237 ORATORH
1140 190 1349 235 PARS
1401 191 1529 236 111.
1658 193 1760 250 573*

144 278 554 368 spectaculum.
583 283 787 368 Agnus
811 283 994 343 noestu
1012 273 1467 352 immolabatur,
1493 284 1552 338 δε
1576 279 1759 338 Ποθω,

145 374 357 442 caeleste
379 402 596 442 manna
615 374 1008 455 delabebatur3
1031 381 1089 438 in
1112 398 1364 460 quorum
1383 377 1531 461 typis
1557 370 1762 459 mysti-

147 499 212 537 ca
234 480 395 560 panis
422 487 480 538 &
496 477 657 562 Agni
687 469 1022 538 immolatio
1046 468 1514 535 adumbrabatur.
1544 474 1613 531 In
1640 492 1762 531 me-

147 576 399 634 moriam
424 567 817 635 celebrationis
840 593 1016 655 quam
1043 566 1306 631 Christus
1331 566 1402 630 de
1424 569 1597 654 nocte
1625 566 1761 628 fecit

150 666 222 729 ad
244 663 431 730 lucem
458 664 825 731 candelarum
848 676 906 728 &
924 660 1306 743 lucernarum,
1325 663 1597 749 sapienter
1622 685 1762 724 con-

151 761 333 826 stituit
348 758 607 843 Ecclesia,
625 784 687 828 vt
709 758 838 825 licet
862 767 920 823 in
946 760 1235 846 praesentia
1258 756 1382 823 solis
1405 771 1462 822 &
1479 755 1652 846 pleno
1671 756 1764 819 die

153 858 460 949 Miffarum
491 854 768 922 solemnia
791 853 936 920 fiant
959 910 976 936 ‚
1013 852 1262 919 candelae
1287 862 1346 918 in
1378 852 1536 918 altari
1567 878 1767 917 accen-

154 953 384 1028 dantur,
409 978 513 1017 nec
535 950 661 1016 solis
686 958 829 1016 ratio
849 950 1158 1030 habeatur3
1178 972 1240 1017 νε
1264 957 1489 1014 nouerit
1512 949 1766 1013 mundus

155 1048 302 1136 ipse,
328 1049 596 1112 cuius'est
623 1046 818 1112 oculus
849 1044 964 1123 sol,
989 1044 1167 1111 oculis
1197 1072 1341 1133 opus
1370 1071 1491 1111 non
1518 1045 1641 1121 effe,
1667 1042 1770 1113 vbi

154 1145 497 1234 mysterium
520 1143 660 1210 fidei
685 1150 868 1232 agitur
893 1155 950 1207 &
971 1140 1302 1208 celebratur.

250 1245 425 1306 Lucia
452 1241 685 1305 suorum
713 1237 1020 1304 oculorum
1051 1236 1276 1303 lumina
1300 1242 1433 1302 Deo
1463 1235 1627 1320 conse
1664 1259 1765 1318 rat,
1781 1272 1889 1328 Myst
1876 1284 1933 1311 m

158 1348 220 1401 &
237 1334 442 1402 offerre
462 1338 657 1404 visum
681 1337 848 1401 suum
875 1335 1237 1400 Sacerdotem
1259 1333 1449 1415 docet,
1466 1355 1529 1400 νε
1558 1264 1907 1421 ιῃῖίὶε-ξζζῇζῗ
1894 1338 1957 1415 ⁰7„

158 1440 310 1498 rium
334 1432 472 1498 fidei
496 1431 681 1498 fidelis
704 1430 909 1497 offerat
931 1437 1084 1496 Deo.
1120 1429 1279 1495 Cum
1303 1430 1557 1494 sanctam
1587 1440 1643 1492 δε
1660 1432 1874 1521 pti-'⁷²5⁴
1878 1443 1954 1468 ⁶⁶³⁷

161 1553 285 1593 ram
313 1530 586 1593 Hostiam
618 1525 756 1594 libet
787 1541 846 1594 δε
869 1525 1180 1605 immolet,
1209 1549 1437 1614 opor-tet
1457 1548 1518 1593 νε
1547 1525 1771 1590 sanstus

160 1650 226 1689 ac
257 1649 428 1711 purus
459 1624 689 1689 existat:
720 1634 778 1688 ὃς
810 1623 942 1690 cum
969 1631 1323 1713 Sanguinem
1353 1629 1496 1687 noui
1529 1633 1587 1684 &
1612 1645 1775 1687 aeter-

159 1727 225 1785 ni
248 1721 602 1797 testamenti,
629 1721 965 1809 mysterium
985 1718 1249 1798 videlicet
1269 1718 1442 1795 fidei,
1467 1718 1770 1802 consecret,

162 1841 307 1929 opus
332 1817 444 1900 est,
467 1841 530 1885 νε
551 1818 816 1882 minister
833 1814 1014 1882 fidelis
1039 1812 1120 1881 fit.
1150 1822 1220 1880 Et
1238 1816 1478 1904 quidem
1504 1814 1768 1879 Christus

162 1920 225 1976 in
249 1919 452 2001 'prima
487 1914 571 1978 sui
608 1913 1026 1979 consecratione
1063 1910 1287 1977 eleuatis
1325 1911 1396 1977 ad
1432 1917 1633 1976 Deum
1660 1916 1772 1976 Pa·-

162 2031 307 2073 trem
333 2010 501 2074 suum
526 2017 990 2097 omnipotentem
1013 2006 1191 2073 oculis
1217 2009 1290 2073 ad
1312 2006 1651 2073 sacrificium
1672 2034 1772 2074 ve·-

164 2111 253 2170 nit
276 2160 293 2186 ‚
326 2118 384 2169 &
408 2106 668 2171 instruxit
691 2106 1011 2171 Sacerdotes
1037 2160 1056 2188 ‚
1079 2129 1144 2172 νε
1172 2105 1244 2169 ad
1269 2105 1352 2169 sui
1383 2111 1771 2170 imitationem

166 2198 391 2265 lumina
425 2201 734 2268 oculorum
770 2203 1004 2268 suorum
1044 2199 1194 2288 prius
1234 2198 1480 2266 offerant
1513 2206 1645 2265 Deo
1675 2250 1696 2278 ,
1730 2196 1774 2264 fi

165 2294 346 2365 velint
365 2296 538 2388 digne
561 2299 898 2388 mysterium
913 2297 1371 2362 Eucharisticum
1396 2295 1696 2362 conficere.

260 2399 438 2459 Lucia
465 2420 610 2459 caeca·
630 2445 649 2470 ,
675 2420 887 2459 caecum
914 2391 1277 2459 SacetdOtem
1312 2392 1460 2459 bene
1491 2400 1634 2482 regit
1655 2444 1677 2468 ,
1710 2404 1770 2458 ὃς

167 2487 317 2555 bene
341 2490 501 2556 ducit
531 2491 604 2555 ad
635 2489 809 2556 altare
831 2545 851 2573 ‚
883 2497 941 2555 in
968 2515 1087 2579 quo
1118 2497 1432 2578 patientem
1465 2489 1769 2554 Christum

164 2584 452 2653 immolat.
493 2592 565 2654 Et
586 2588 826 2677 quidem
855 2593 1119 2678 patientis
1144 2585 1365 2652 Christi
1394 2584 1492 2653 illa
1513 2612 1627 2655 vox
1657 2586 1766 2650 est:

976 2688 1164 2750 Cccc
1217 2710 1239 2764 3
1633 2680 1772 2745 Oculi
