2238 3185
416 205 509 259 128
688 213 944 260 SACRI
998 213 1446 267 ORATORII
1499 216 1706 262 PARS
1763 217 1811 262 1.

579 356 891 459 Impreffa
921 361 1163 432 animae
1186 357 1395 460 figura
1422 342 1864 442 immaculatae

1047 468 1388 568 ΒΛΑΚΙᾹ.

538 627 639 687 It
625 648 685 687 in
725 620 957 716 singulis
993 631 1197 691 renatis
1230 653 1297 692 ex
1325 654 1475 717 aqua
1504 640 1563 694 δε
1596 634 1807 716 Spiritu
1836 626 2033 693 samio

540 728 735 786 anima
772 719 1158 787 immaculatae
1196 726 1270 786 M
1289 747 1334 789 A
1354 747 1399 790 R
1417 749 1439 790 1
1455 749 1575 808 ΑΕ,
1607 749 1670 793 vt
1698 720 2037 814 magnificet

416 821 796 902 Dominum,
834 826 896 884 in
920 842 1041 907 quo
1065 814 1167 883 fita
1188 821 1269 885 est
1304 819 1422 910 spes
1462 834 1521 886 δε
1545 826 1865 909 expediam
1901 846 2037 886 om-

415 919 585 978 nium
610 915 1100 991 Christianorum.
1123 922 1217 982 Sit
1245 923 1307 983 in
1333 925 1530 984 anima
1566 918 1788 1007 spiritus
1814 918 2037 982 Maria-

417 1034 524 1076 nus
540 1065 559 1087 ‚‚
583 1034 647 1079 vt
670 1012 816 1078 dum
840 1012 1143 1077 Christum
1170 1021 1425 1104 concipit
1448 1070 1466 1098 ,
1512 1027 1570 1079 δε
1595 1010 2037 1081 effuditvittute

419 1107 558 1172 sacri
582 1110 862 1197 Baptismi
887 1165 905 1192 ,
929 1106 1076 1174 nihil
1098 1115 1307 1176 timens
1332 1166 1350 1194 ,
1389 1111 1485 1176 sed
1510 1117 1569 1176 in
1595 1115 1729 1175 Deo
1752 1111 1854 1175 suo
1882 1108 2039 1175 exul-

419 1225 566 1286 tanS,
599 1216 658 1269 ὃς
683 1201 857 1272 fimul
886 1205 1248 1295 triumphans
1278 1209 1351 1274 de
1378 1206 1674 1274 doloribus
1703 1230 1892 1297 partus
1913 1256 1936 1286 ,
1970 1204 2038 1272 il-

419 1297 545 1366 lum
567 1308 862 1392 parturiat.

942 1474 1287 1539 MATER
1331 1466 1529 1540 ij

516 1625 597 1686 Sit
619 1625 680 1686 in
695 1618 928 1688 Tabula
951 1622 1136 1688 cordis
1160 1629 1358 1713 imago
1379 1628 1461 1689 Pu
1470 1621 1801 1690 sificationis
1827 1614 2039 1687 immass

421 1715 618 1783 culatae
654 1719 727 1781 M
747 1742 791 1783 A
810 1741 854 1784 R
874 1743 896 1784 1
919 1743 1002 1785 ΑΕ
1037 1720 1383 1786 Μειῑι·ἰ3Ἰ)εἰ
1406 1776 1424 1804 ‚
1457 1721 1527 1786 de
1557 1716 2037 1808 multiplicatione

421 1817 648 1880 fetuum
671 1816 1077 1905 triumphantis
1095 1871 1114 1899 ,
1129 1814 1416 1906 exemplar
1438 1814 1716 1899 Ecclefiae‚
1743 1829 1802 1881 &
1827 1823 2037 1883 animae

419 1913 606 1977 fetum
630 1937 816 1979 vnum
840 1919 1104 1979 enitentis
1130 1920 1340 1980 virtute
1363 1914 1500 1980 sacri
1524 1914 1823 2002 Baptismi.

515 2008 753 2096 Respice
774 2059 795 2085 ,
831 2022 890 2075 &
919 2012 1007 2075 fac
1035 2009 1351 2078 secundtun
1380 2009 1669 2102 exemplar
1694 2011 1920 2099 septimi
1940 2014 2035 2073 Fe-

425 2103 494 2170 sti
518 2115 576 2171 ὃς
599 2105 884 2195 triumphi
906 2108 1177 2173 Matiani.

1815 2714 1935 2778 IM
1952 2715 2041 2776 A.
