2238 3185
320 218 566 268 SACRI
611 217 1055 266 ORATORII
1104 217 1558 264 APPENDIX·
1641 221 1756 279 741

147 305 447 393 ‘visceribus
475 311 761 370 innonatus.
803 309 946 371 Haec
971 303 1210 392 quidem
1241 309 1544 368 innouatio
1573 326 1757 368 mcta-

150 399 475 491 morphofis
507 403 745 491 mystica
772 403 852 466 est
881 400 1122 466 humani
1154 399 1337 465 cordis
1364 454 1381 481 ‚
1410 426 1591 486 quam
1625 397 1758 468 illu-

151 499 422 564 stratione
451 499 547 563 sua
578 495 913 563 mirabiliter
942 519 1209 583 operatur
1242 502 1477 582 Spiritus
1508 496 1756 577 sanam,

149 594 658 680 quemadmodum
689 592 879 659 scribit
910 590 1222 680 Apostolus
1255 617 1302 654 2.
1321 590 1589 656 Corinth.
1612 617 1658 672 3,
1680 605 1760 657 18.

152 699 287 775 ,Ἄρῃ
313 693 437 752 verb
466 689 680 753 reuelata
700 690 838 778 facie
861 687 1072 776 gloriam
1101 692 1309 750 Domini
1323 686 1633 777 speculantes
1654 737 1674 763 ,
1707 692 1760 748 in

152 790 372 848 eamdem
408 789 664 873 imaginem
698 782 1121 865 trangformamur
1151 788 1184 846 ἆ
1213 782 1437 845 claritate
1470 786 1523 844 in
1558 781 1763 845 clarita-

155 899 260 942 tem
280 931 300 956 ,
334 900 590 968 tamquam
615 885 647 941 a
674 883 885 943 Domini
904 882 1110 968 spiritu.
1151 877 1390 943 Pulchre
1423 891 1481 942 ὃς
1506 875 1761 966 apposite

155 981 217 1040 in
243 981 699 1041 Commentariis
724 973 1031 1040 Anselmus
1059 1003 1072 1039 :
1105 972 1570 1056 Transformamur,
1601 973 1660 1036 id
1679 978 1763 1057 est,

153 1067 552 1154 transmutamur
573 1070 647 1133 ad
663 1072 768 1153 hoc,
785 1090 852 1133 ‘vt
865 1069 1092 1159 perfide
1102 1072 1263 1158 fimus
1284 1074 1437 1157 imago
1457 1067 1768 1154 Dei.TranJ.'-

138 1162 451 1249 formamur,
475 1166 535 1230 id
550 1171 614 1252 est
629 1217 648 1243 ,
674 1165 925 1248 deforma
951 1170 1004 1229 in
1016 1166 1244 1248 formam
1267 1164 1479 1228 lucidam
1493 1199 1512 1236 ,-
1537 1170 1654 1254 quia
1681 1184 1761 1244 &²

157 1260 256 1350 ipfit
281 1261 486 1346 obscura
514 1267 670 1351 imago
699 1266 801 1325 Dei
831 1266 908 1348 est.
957 1262 1082 1325 Cum
1110 1267 1239 1324 enim
1272 1280 1456 1323 natura
1489 1262 1705 1324 humana
1730 1266 1763 1324 ἆ

158 1366 389 1420 Creatore
408 1356 534 1443 fiio,
560 1363 700 1422 cuius
723 1362 786 1444 est
808 1362 964 1447 imago
982 1413 1000 1441 ‚
1022 1357 1086 1421 ab
1109 1362 1361 1447 impietate
1382 1358 1708 1443 iustificatur,
1731 1361 1765 1420 ἆ

154 1451 367 1535 deformi
385 1453 564 1537 forma
586 1451 865 1538 formosam
904 1452 1277 1537 transmutatur
1314 1459 1366 1517 in
1389 1451 1645 1536 formam.
1689 1463 1765 1518 Et

154 1547 552 1631 transformatur
573 1554 604 1612 a
626 1549 849 1613 claritate
871 1554 1132 1613 creationis
1153 1555 1206 1612 in
1229 1548 1504 1613 claritatem
1531 1550 1764 1635 iustifica-

156 1648 321 1709 tionis.
347 1656 516 1735 Atque
538 1644 961 1726 transformamur
983 1666 1239 1734 tamquam
1265 1649 1297 1708 ἆ
1321 1648 1531 1708 Domini
1546 1650 1763 1733 Spiritu,

143 1739 218 1802 -id
241 1744 338 1824 est,
370 1760 628 1831 tamquam
655 1745 759 1817 illi,
785 1767 909 1829 quos
930 1744 1151 1829 Spiritus
1175 1745 1381 1805 Domini
1410 1740 1765 1821 transformat,

158 1829 238 1911 (d
246 1858 338 1924 per
349 1843 570 1925 gratiam
578 1836 727 1922 suam
749 1842 802 1900 in
824 1836 1000 1901 melius
1023 1835 1343 1923 transmutat.
1362 1838 1768 1902 Transformat

159 1957 256 2018 per
277 1939 707 2015 Poenitentiam‚
723 1933 1061 1998 transmutat
1082 1940 1143 1998 sn
1168 1931 1371 1998 melius
1397 1958 1494 2020 per
1517 1940 1765 2021 gratiam

157 2028 536 2093 Eucharistiae.
560 2035 694 2094 Hoc
712 2029 896 2116 ipsum
923 2037 983 2093 in
1005 2036 1149 2095 votis
1174 2029 1382 2095 habeat
1400 2028 1763 2094 Christianus

159 2124 356 2187 Dauid
379 2178 396 2204 ,
423 2123 554 2189 cum
580 2123 879 2212 supplicat,
909 2134 1004 2187 Cor
1023 2124 1268 2188 mundum
1292 2149 1403 2188 crea
1424 2129 1476 2186 in
1504 2148 1580 2186 me
1601 2133 1766 2206 Deus,

162 2220 486 2309 &spiritum
508 2226 699 2284 renum
728 2224 909 2283 innoua
931 2225 983 2283 in
1004 2218 1283 2303 visceribus
1304 2225 1441 2284 met's.
1476 2217 1634 2283 Cum
1660 2246 1769 2307 po·-

162 2312 331 2379 stulat
354 2369 372 2398 ‚
401 2320 516 2379 Fiat
539 2342 618 2380 cor
642 2341 806 2380 meum
828 2315 1216 2380 immaculatum.
1251 2314 1411 2381 Cum
1434 2339 1560 2381 orat
1585 2327 1642 2380 ὃς
1667 2317 1770 2380 ad·-

161 2431 303 2475 orat.

1008 2700 1247 2762 Aaaaa
1297 2721 1322 2779 3
1673 2694 1777 2761 Ad
