2238 3185
323 194 576 277 SACRI
631 226 1070 274 ORATORII
1123 225 1333 269 PARS
1389 224 1437 267 1.
1611 214 1704 267 161

50 354 53 355 ν
91 317 300 406 pietatis
321 314 564 401 coffmfiv,
590 337 755 380 vnum
763 312 950 399 sanblae
967 314 1145 398 christi
1162 313 1332 375 'carnis
1354 312 1712 387 communione,

101 438 288 476 evnum
296 411 465 496 Janffi'i
485 421 524 475 S
516 416 709 501 piritus
721 413 1119 501 participatione.

199 515 391 572 Prima
413 515 687 572 omnium
713 506 847 572 cflm
863 502 1366 592 esseti11-patadiso
1389 557 1408 585 ‚
1442 527 1716 568 commu-

103 610 320 668 nicauit
340 601 716 668 immaculata
738 605 812 665 M
830 627 874 668 A
894 625 935 669 R
959 625 981 666 1
1004 624 1048 667 A
1064 657 1083 684 ‚
1108 612 1169 665 &
1192 600 1430 688 quidem
1455 597 1570 664 sola
1585 632 1602 678 3
1627 599 1716 662 so-

102 696 160 764 la
176 706 334 764 enim
360 705 550 764 ieiuna
572 695 604 763 εὶ
627 697 922 786 prohibito
951 696 1084 763 cibo
1108 695 1452 784 deprehensa
1475 695 1587 759 est:
1619 719 1715 762 ve-

104 802 194 860 nit
216 795 476 860 Christus
506 803 567 859 in
602 796 896 860 mundum
916 849 936 877 ,
969 794 1197 858 induxit
1221 792 1621 879 Baptismum3
1652 803 1713 857 &

105 896 326 955 inuexit
348 886 519 955 fimul
549 898 850 974 ieiunium,
875 890 1028 957 vnde
1051 903 1110 955 δε
1134 885 1381 954 Ecclefia
1401 911 1715 975 Vtrumque

104 991 167 1049 in
202 984 550 1051 solemnibus
587 988 694 1050 suis
732 985 989 1074 precibus
1026 992 1247 1075 iungit:
1279 995 1382 1048 Per
1401 982 1713 1073 Baptismusn

107 1078 435 1165 &fhnffium
458 1085 694 1146 ieiunium
721 1102 887 1167 tuum.
919 1083 1153 1147 Induxit
1175 1081 1538 1168 Baptismum
1557 1130 1579 1156 ,
1611 1107 1714 1145 cu·-

106 1184 192 1243 ius
217 1184 423 1244 virtute
453 1176 679 1243 macula
706 1178 1041 1245 hereditaria
1070 1175 1356 1243 tolleretur
1384 1212 1398 1256 3
1429 1174 1621 1242 intulit
1651 1189 1710 1242 δε

107 1279 413 1357 ieiunium,
437 1282 593 1338 cuius
624 1282 1034 1362 praeparatione
1056 1282 1252 1340 anima
1276 1273 1349 1337 ad
1372 1272 1712 1360 sumendam

106 1375 620 1435 Communionem
645 1395 944 1458 aptaretur.
963 1370 1133 1456 Qale
1156 1392 1347 1435 autem
1371 1369 1485 1434 hoc
1509 1368 1712 1435 debeat

106 1466 211 1529 esse
235 1473 517 1530 ieiunium
533 1522 551 1548 ‚
570 1467 732 1554 quod
757 1467 1081 1555 Baptismus
1104 1467 1297 1531 secum
1315 1466 1472 1532 ducit
1487 1521 1506 1548 ,
1524 1464 1713 1530 decla«

107 1585 193 1626 rat
226 1568 279 1626 S.
297 1563 653 1650 Augustinus
690 1569 871 1627 Serm.
892 1590 1008 1645 172.
1047 1564 1119 1627 de
1145 1566 1442 1650 Tempore
1472 1556 1714 1646 :Jeiunia

113 1654 509 1745 Christianorum
530 1659 863 1748 spiritualiter
875 1710 896 1736 ,
917 1657 1212 1748 priusquam
1240 1658 1505 1722 carnaliter
1519 1709 1539 1735 ,
1570 1684 1715 1722 exer-

110 1753 262 1817 cenda
270 1751 436 1838 fiant:
465 1755 658 1818 ‘vnde
624 1781 656 1818 a
666 1760 882 1844 peccatis
903 1756 1282 1868 principaliter
1264 1759 1545 1819 ieiunemus.
1579 1751 1715 1820 Hoc

109 1849 193 1913 est
236 1857 494 1938 primum
540 1864 599 1917 &
640 1851 953 1940 principale
995 1858 1279 1917 ieiunium
1327 1848 1716 1917 immaculatae

109 1946 184 2007 M
203 1968 246 2010 A
267 1967 312 2010 R
332 1968 355 2009 1
376 1969 458 2010 ΑΕ
472 1944 947 2038 ,Christianique
981 1948 1271 2026 Dauidis,
1301 1949 1612 2013 accedentis
1644 1947 1718 2012 ad

111 2045 211 2107 Ev
232 2061 272 2104 C
293 2063 340 2104 H
358 2065 402 2106 A
420 2065 465 2106 R
483 2063 505 2106 1
530 2069 554 2107 s
575 2064 614 2106 T
635 2066 657 2107 1
680 2068 813 2126 AM,
838 2051 996 2109 cuius
1019 2071 1136 2111 vox
1161 2057 1219 2108 ὃς
1245 2045 1463 2110 assertio
1486 2042 1719 2132 supplex

112 2137 263 2200 esto:
292 2143 353 2199 Et
374 2163 452 2200 ero
475 2139 828 2243 immaculatus
837 2165 948 2244 ciam
969 2166 1041 2218 eo,
1057 2141 1141 2224 ff*
1154 2138 1419 2225 obstruabo
1441 2166 1518 2206 me
1537 2139 1639 2204 ab
1621 2144 1719 2204 mi-
1729 2153 1848 2205 Ps.17
1854 2167 1915 2205 24

114 2236 310 2320 quitate
334 2257 460 2297 mea.
