2238 3185
447 165 555 218 662.
687 179 949 225 SACRI
996 176 1686 225 ORATORIIPARS
1735 181 1872 227 111.

442 254 548 321 bus
584 255 673 323 his
703 258 880 324 tribus
919 264 1173 323 inuitatis
1204 259 1392 325 deerat
1420 261 1640 348 spiritus
1674 263 2048 351 fortitudiniS,

440 364 500 416 ὃς
525 351 659 419 ideo
683 352 1114 421 difficultatibus
1146 351 1251 422 fibi
1281 354 1525 423 oblatis
1513 359 1902 447 lgnominiose
1934 363 2050 428 ces-

441 448 676 526 sciunt,
716 461 776 515 δε
812 476 845 514 a
874 450 1033 514 sacrae
1070 455 1528 518 Communionis
1534 414 1666 519 Dvsu
1701 455 2051 524 recesserunt

443 549 668 610 Primus
693 545 889 611 villam
915 553 1075 622 emit,
1101 559 1159 611 ὃς
1176 560 1329 612 terrae
1351 546 1474 614 solo
1497 546 1753 633 adhaesit,
1775 577 1882 617 nee
1904 559 2050 619 vires

439 639 646 706 habuit
669 642 878 729 quibus
907 667 1146 707 terrenas
1177 640 1614 733 mundanasq'ue
1645 643 2048 714 consideratio-

437 758 532 801 nes
565 745 811 804 vinceret
837 789 856 814 ,
892 751 949 802 &
974 742 1166 805 vietor
1195 739 1267 803 ad
1299 740 1512 805 sacram
1544 766 1777 806 coenam
1809 750 2044 810 veniret.

436 830 600 898 Alter
622 841 754 921 iuga
778 834 965 901 boum
997 841 1141 899 emit
1164 842 1453 922 quinque,
1477 844 1580 925 qui
1603 844 1862 926 quinque
1886 839 2049 906 dedi-

437 952 525 993 tus
564 928 813 996 sensibus
861 938 1040 996 caruit
1081 933 1342 996 animosa
1381 930 1496 997 fide
1530 987 1550 1016 ‚
1595 959 1772 1020 quam
1813 942 2048 1022 requirit

436 1025 800 1091 Eucharistia.
834 1025 999 1091 Alius
1022 1082 1042 1109 ,
1068 1033 1170 1113 qui
1192 1026 1356 1092 duxit
1379 1053 1618 1094 onrem
1643 1079 1662 1105 ,
1694 1055 1816 1095 non
1839 1030 2046 1097 habuit

436 1128 663 1187 animos
687 1147 749 1189 vt
775 1122 940 1188 licitis
969 1120 1323 1209 amplexibus
1351 1122 1652 1190 abstineret
1670 1180 1689 1208 ,
1724 1138 1781 1191 δε
1805 1151 2043 1194 vxorem

436 1223 756 1284 CHRISTO
782 1224 1107 1285 consecrato
1129 1220 1512 1307 postponeret.
1552 1226 1909 1309 Comparare
1939 1220 2046 1289 fibi

432 1312 633 1381 villam
654 1370 673 1398 ,
710 1322 844 1405 iuga
875 1316 1062 1382 boum
1089 1323 1347 1404 quinque
1383 1342 1570 1381 emere
1598 1367 1620 1394 ,
1660 1329 1719 1382 &
1742 1325 2047 1383 matrimo-

429 1418 601 1476 nium
633 1412 962 1477 contrahere
985 1469 1003 1495 ,
1037 1411 1193 1479 licita
1221 1419 1424 1477 omnia
1453 1414 1583 1478 sunt
1607 1468 1625 1496 ,
1661 1426 1720 1478 &
1742 1438 1938 1479 tamen
1968 1414 2043 1482 ab

429 1505 529 1572 vsu
568 1534 748 1573 coenae
785 1508 1050 1574 homines
1091 1510 1485 1589 retardarunt3
1520 1533 1582 1575 vt
1617 1507 1848 1597 colligas
1885 1511 2043 1593 inde,

431 1628 554 1667 non
578 1601 771 1670 illicita
793 1603 980 1670 mod&
995 1660 1014 1688 ,
1033 1605 1127 1670 sed
1153 1612 1326 1671 etiam
1347 1604 1500 1671 licita
1518 1607 1943 1694 impedimento
1966 1607 2046 1671 es-

431 1698 487 1763 se
507 1701 660 1786 posse
678 1755 696 1783 ,
721 1700 1033 1790 quominus
1058 1702 1408 1768 Eucharistia
1435 1709 1807 1791 percipiatur,
1838 1699 1880 1767 fi
1897 1699 2045 1768 defit

434 1794 656 1884 spiritus
680 1799 1050 1864 fortitudinis,

528 1898 644 1958 Hic
671 1894 893 1983 spiritus
921 1896 1002 1960 est
1024 1946 1044 1973 ,
1077 1903 1180 1983 qui
1209 1896 1380 1960 fortes
1405 1893 1626 1961 Christi
1654 1892 1860 1960 milites
1885 1894 2044 1960 ducit

434 1988 506 2052 ad
536 1987 846 2063 militarem
884 2017 1178 2056 annonam
1196 2045 1215 2073 ,
1247 2014 1310 2058 vt
1335 1998 1537 2057 virtute
1563 1996 1911 2056 Sacramenti
1945 2015 2044 2054 eo-

433 2109 562 2149 rum
586 2093 761 2153 virtus
786 2095 967 2176 magis
992 2087 1196 2152 crescat
1209 2141 1228 2169 ,
1254 2094 1437 2175 magis
1462 2110 1749 2176 augeatur.
1776 2097 2042 2175 Frequenv

432 2199 577 2244 tatur
604 2183 948 2268 Eucharistia,
982 2185 1326 2249 Iustinianus
1351 2189 1758 2265 concionatur,
1791 2203 1878 2244 evt
1904 2185 2042 2266 iustis

421 2283 680 2363 gratiam,
705 2277 952 2343 debilibus
974 2279 1198 2363 conferat
1219 2278 1392 2361 robur,
1418 2284 1686 2343 'vibi'oriam
1714 2277 2040 2342 certantibus.

432 2378 1097 2464 Concionaturquoque
1121 2375 1568 2464 Chrysostomus
1600 2372 1831 2441 Homil.
1850 2386 1933 2437 61.
1965 2375 2041 2438 ad

427 2469 738 2558 populum:
763 2479 1036 2562 Tamquam
1059 2472 1217 2536 leones
1243 2475 1398 2561 igitur
1419 2476 1578 2561 ignem
1594 2473 1847 2561 spirantes
1867 2469 1933 2532 ab
1957 2473 2041 2532 illa

425 2565 590 2653 menstt
615 2567 898 2654 recedamus
920 2619 941 2647 ,
964 2572 1101 2659 ficHi
1129 2567 1319 2635 diabolo
1347 2568 1617 2633 terribiles.
1662 2567 1797 2633 Post
1824 2568 2038 2632 sacram

1853 2667 2040 2725 Com-
