2238 3185
202 405 377 447 Debitum

201 460 316 511 culpa.

208 2233 388 2287 confleffiz-

206 2301 238 2325 n
240 2300 369 2326 umn-

206 2339 404 2378 meatiud'-

205 2405 311 2434 cem,
337 2405 400 2430 ve·

433 209 534 277 362
692 216 944 260 sAciu
994 217 1433 263 oRAToRn
1478 220 1687 265 PARS
1733 225 1823 268 11.

1184 324 1207 376 Ῑ
1226 327 1288 380 V.

523 402 819 490 Magnum
854 401 1118 468 debitum
1150 426 1451 492 peccatum
1484 405 1578 469 est.
1625 405 1917 493 Magnum
1941 406 2040 474 dc-

429 495 623 564 bitum
646 495 866 585 semper
888 507 1011 564 vice
1033 525 1150 565 vna
1177 525 1300 564 non
1324 498 1559 565 soluitur
1589 512 1646 564 δε
1671 508 2036 592 extinguitur,

427 618 534 657 nec
555 619 852 681 peccatum
880 606 938 659 &
955 601 1070 660 eius
1095 620 1275 661 reatus
1302 593 1416 661 sola
1439 592 1815 662 Confeffione
1838 599 2039 685 pendi-

425 713 516 755 tur
545 746 563 771 ,
594 691 687 755 sed
719 699 1059 779 poenitentia
1082 719 1314 779 quoque
1338 692 1634 757 neceffaria
1656 693 1736 756 est
1756 747 1774 775 ‚
1804 718 1868 760 vt
1895 717 2042 760 tem-

426 784 631 874 poralis
664 814 834 875 poena
853 842 871 870 ‚
898 796 959 853 in
986 814 1165 876 quam
1196 787 1484 854 beneficio
1509 795 1860 854 Sacramenti
1889 814 2042 856 aetet-

427 908 574 946 num
601 881 940 972 supplicium
968 908 1263 949 mutatum
1287 885 1367 948 est
1389 935 1408 960 ,
1444 885 1840 972 compensetur
1865 897 1924 950 &
1946 913 2040 951 ex-

428 979 766 1068 stinguatur.
789 980 1078 1056 Potuisset,
1104 978 1147 1045 fi
1167 985 1326 1045 Deus'
1350 978 1629 1062 voluiffet,
1656 981 2039 1047 condonatio-

429 1099 568 1140 nem
593 1074 888 1164 culparum
914 1075 1140 1142 differre
1165 1104 1229 1141 ac
1251 1077 1538 1152 sustinere,
1562 1077 1745 1141 donec
1768 1075 1933 1165 plene
1958 1102 2040 1143 at-

430 1197 540 1259 que
562 1170 813 1259 plenarie
838 1170 946 1238 sibi
969 1174 1150 1238 fuisset
1173 1174 1541 1238 satisfaffi'cum.
1558 1170 1772 1237 Noluit
1797 1174 2038 1238 creditor

429 1269 532 1331 effe
555 1269 772 1333 seuerus
791 1325 809 1352 ,
841 1267 1045 1334 maluit
1069 1269 1429 1333 concionator
1452 1269 1555 1332 esse
1579 1275 1701 1355 pius
1721 1323 1738 1349 ,
1764 1275 1865 1355 qui
1888 1267 2039 1333 solu-

428 1370 651 1429 tionem
676 1363 904 1453 plenam
929 1391 1048 1430 non
1073 1370 1394 1453 expmstmm,
1419 1361 1841 1453 indulgentiam
1869 1362 2038 1454 largi-

428 1483 578 1549 retur
592 1516 612 1544 ,
637 1473 694 1526 &
713 1460 1137 1528 absolutionem
1161 1461 1534 1550 impenderet.

1205 1579 1269 1633 V.

510 1661 561 1717 S.
582 1660 821 1720 Ioannes
849 1655 1296 1746 Chrysostomus
1321 1662 1380 1721 in
1411 1654 1620 1743 cap.23.
1645 1653 1912 1734 Matthaei
1939 1682 1951 1718 ε
1979 1657 2037 1717 Si

428 1755 705 1814 errauimus
723 1773 938 1839 paruam
961 1756 1306 1841 poenitentiam
1337 1751 1625 1840 imponendo
1646 1801 1666 1827 ,
1697 1749 1868 1814 melius
1891 1754 1955 1835 est
1978 1749 2038 1813 de

424 1845 754 1930 misericordia
783 1853 884 1912 Dei
912 1853 1194 1925 rationem,
1231 1852 1383 1939 qudm
1411 1847 1471 1909 de
1500 1851 1782 1931 austeritate
1813 1845 2033 1909 reddere.

427 1941 546 2004 vbi
568 1947 696 2005 enim
718 1965 867 2032 pater
879 1944 1111 2033 fa'milias
1132 1948 1196 2030 est
1217 1944 1381 2032 largus
1403 1993 1423 2019 2
1449 1940 1746 2032 dispenfiztor
1772 1968 1868 2004 non
1890 1940 2037 2004 debet

427 2034 516 2124 effi
536 2063 737 2103 auarus.
763 2051 852 2102 vt
861 2043 916 2127 si
933 2052 1076 2105 Deus
1099 2039 1337 2128 benignus
1353 2094 1370 2120 ,
1387 2058 1454 2102 vt
1477 2038 1605 2127 quid
1623 2037 1860 2100 Sacerdos
1879 2040 2036 2121 auste-

421 2145 545 2197 rus?
575 2138 958 2201 Confeffarius
984 2137 1153 2201 iudex
1175 2138 1274 2218 est,
1300 2161 1430 2199 cum
1457 2141 1572 2224 agit
1589 2131 1861 2198 nonnihil
1885 2133 2038 2197 seue-

416 2227 571 2294 rius·
600 2228 639 2293 fi
671 2230 862 2297 mitius
890 2245 947 2297 &
971 2230 1270 2321 benignius
1296 2233 1348 2296 se
1371 2254 1544 2320 gerat,
1569 2252 1722 2317 pater
1745 2230 1840 2292 est.
1858 2231 2035 2293 Time

432 2327 853 2392 Confessarium
878 2329 1163 2404 iudicem,
1187 2352 1405 2416 patrem
1429 2351 1623 2392 tamen
1650 2350 1910 2389 reuerere.
1937 2330 2034 2388 Li-

228 2453 408 2496 ea-mrpa
433 2446 519 2487 cet
536 2429 667 2487 Deo
685 2424 885 2506 dicere,
904 2422 1029 2489 licet
1053 2431 1168 2488 eius
1193 2424 1376 2490 dicere
1388 2428 1624 2487 Vicario
1628 2421 1819 2507 ,quod
1833 2419 2034 2484 Dauid

206 2504 306 2535 ἓιΥθΠΙ

432 2517 635 2583 Psalm
644 2546 778 2602 37‚1.
800 2527 1004 2602 orauit,
1030 2522 1265 2597 Domine,
1282 2545 1342 2582 ne
1365 2516 1609 2601 infurore
1629 2536 1715 2578 tuo
1736 2540 1920 2605 arguas
1936 2539 2031 2577 me.

430 2611 664 2681 BafiliUs
694 2622 755 2681 iss
784 2616 940 2682 hUssC
968 2614 1195 2682 locum:
1232 2616 1668 2706 Reprehenfionem
1689 2636 1788 2676 non
1806 2612 2031 2702 depreca-

1920 2724 2028 2786 tur,
